2912 5136
808 345 883 412 288

383 531 580 632 ’ardenae
607 533 668 608 οὐκ
694 529 870 630 ἀνάθεμα.

324 682 329 688 ’
381 679 528 749 ’Ausara
555 667 735 782 datrapott‘.

382 806 616 909 'Aproma'ltna

380 937 647 1044 ‘Aerariorum
676 936 745 1034 οὐχ
771 935 979 1042 οἱςπῶμενος.

301 1157 305 1165 ,
375 1073 532 1152 'Aretois
558 1073 579 1150 a
604 1066 662 1151 le?
687 1069 812 1172 λέγειν,
844 1074 1094 1157 ἀπελεύσεται.

1229 1210 1345 1294 ‘sala

399 1376 564 1449 ’Arar'frtud
584 1377 713 1434 Thomas
732 1376 776 1436 M.
795 1399 825 1454 p.
844 1393 888 1449 51.
925 1373 1085 1448 Ἀνιίθημη
1104 1378 1138 1436 a'e
1156 1373 1305 1442 ἀνάθεμα·
1324 1375 1345 1431 tl

329 1479 377 1536 zai
402 1482 579 1553 Φιλίστμτος
604 1477 734 1549 ἐπίθεμα
756 1483 800 1538 τῆς
825 1475 977 1555 Σμυςηιίων
1003 1480 1106 1554 deserit
1129 1477 1219 1544 λέγεις
1255 1499 1344 1552 quem

327 1587 457 1658 pessimo
477 1581 612 1657 exemplo
632 1602 718 1637 usum
737 1582 851 1658 egregie
871 1581 953 1652 falli,
978 1584 1070 1637 codex
1095 1581 1274 1635 Philostrati
1295 1585 1343 1635 Pa-

326 1687 611 1763 risinuslleg.1696.
631 1685 783 1739 manifeste
801 1685 897 1751 docet,
916 1685 1013 1758 ipsum
1034 1685 1141 1756 erroris
1161 1683 1279 1737 fontem
1295 1684 1341 1738 de·

326 1805 510 1844 monstratust
534 1787 620 1843 habes
644 1788 723 1842 euim
748 1784 793 1845 lbi
816 1787 878 1845 Vit.
896 1773 989 1860 'sipla
1009 1803 1039 1859 p.
1057 1803 1119 1856 570t
1146 1785 1250 1841 Olerr.
1276 1786 1340 1840 isai·

338 1911 428 2028 bipart.
465 1957 631 2012 Genuiutm
650 1958 811 2013 lectionem
831 1951 965 2024 ardeam
989 1957 1068 2010 sistit
1093 1959 1179 2012 etiam
1200 1959 1270 2015 cod.
1292 1960 1339 2012 Ps-

325 2063 376 2116 ris.
397 2061 469 2136 Reg.
489 2061 564 2130 1760.
602 2062 786 2134 Quamquam
806 2062 938 2134 sequiori
963 2075 1052 2113 aetate
1075 2079 1179 2114 vocem
1203 2061 1340 2126 elucidares

323 2165 483 2240 ingruente
507 2164 675 2236 praesertim
694 2183 771 2217 nors
796 2161 1012 2218 vocabulorum
1035 2163 1173 2236 prosodia
1200 2183 1266 2217 non
1293 2182 1338 2216 ne·

324 2268 418 2344 garim
437 2265 470 2319 in
489 2261 622 2333 ardema
640 2264 794 2338 corrumpi
819 2243 961 2318 facillime
985 2266 1133 2336 potuisse,
1162 2266 1209 2318 uti
1235 2268 1270 2320 in
1288 2282 1336 2318 vv.
1428 2257 1429 2264 ἵ

326 2365 426 2442 signare
445 2381 473 2419 et
492 2361 602 2439 εὕςεμαι,
628 2361 724 2439 erigaris
744 2383 772 2421 et
791 2361 885 2438 aligeras
906 2364 1013 2420 lactum
1034 2381 1087 2434 est,
1112 2387 1184 2440 quse
1203 2386 1271 2441 apte
1290 2367 1338 2419 hic
1428 2363 1429 2394 l

324 2471 530 2534 conferuntur,
549 2484 640 2540 quum
660 2487 714 2540 pro
734 2463 836 2541 ιὸςημω
854 2471 887 2523 in
903 2467 1074 2524 Philostrati
1092 2473 1180 2545 lmag.
1201 2489 1337 2544 prooem.

273 2617 275 2619 ,
321 2591 353 2646 p.
371 2573 430 2641 762.
448 2569 494 2624 bis
513 2567 604 2623 obvio
625 2584 681 2623 tres
700 2571 837 2624 codicum
856 2591 989 2626 meorum
1017 2574 1104 2627 etiam
1130 2568 1230 2643 εὕςεμαι
1255 2592 1334 2647 prte-

323 2673 428 2738 beant‚
453 2671 533 2726 idem
558 2669 630 2724 hinc
654 2668 757 2726 itidem
783 2674 893 2728 vitiose
912 2673 1049 2728 laudante
1069 2673 1271 2735 Grammatico
1290 2694 1333 2747 ap.

322 2777 486 2830 Hermann.
509 2773 543 2825 de
560 2774 667 2827 emend.
690 2774 742 2828 Gr.
763 2775 816 2830 Gr.
836 2791 890 2830 rat.
915 2796 944 2850 p.
963 2778 1022 2846 566.
1060 2777 1134 2833 Vide
1159 2775 1334 2833 Boissonad·

324 2878 360 2932 ad
378 2869 499 2930 Heroic.
516 2888 544 2949 p.
565 2876 624 2948 654.
646 2892 674 2931 tt
692 2875 880 2932 Lobeckium
901 2879 936 2931 ad
956 2878 1117 2952 Phrynich.
1144 2896 1173 2952 p.
1191 2888 1255 2950 445'.
1276 2899 1334 2952 sq„

323 2980 408 3035 cuius
428 2976 572 3052 exempla,
592 2999 665 3052 quae
683 3000 698 3034 e
713 2981 908 3054 scriptoribus
921 2982 1088 3036 communis
1101 2980 1220 3035 dialecti
1236 3001 1334 3055 quam-⁴
1422 2955 1427 2962 Ι

322 3084 369 3138 vis
394 3101 456 3136 non
481 3059 692 3136 recentissimis
717 3084 926 3156 proferuntur,
959 3084 1119 3138 videndum
1145 3105 1179 3137 an
1205 3087 1335 3162 genuina

322 3187 383 3239 sint
401 3183 509 3238 omnia.
547 3180 652 3255 Eti‘gspac
676 3184 890 3238 Grammaticus
908 3185 942 3239 in
963 3184 1087 3240 Belalteri
1106 3187 1209 3240 Anecd.
1233 3189 1331 3242 Graec.

323 3288 359 3340 Τ.
378 3301 404 3338 2.
424 3302 453 3357 p.
472 3291 531 3354 780.
551 3289 631 3354 781„
660 3281 765 3356 εὸςεσις,
786 3285 895 3339 ibidem
915 3307 943 3360 p.
963 3294 1024 3358 783.
1044 3301 1073 3342 et
1090 3289 1257 3344 indubitate
1276 3305 1331 3343 sae·

321 3388 388 3460 pius
414 3387 446 3440 iu
471 3385 656 3461 Imaginibus
680 3389 870 3442 Dioscoridis
888 3390 1130 3448 Vindobonensis
1157 3394 1221 3445 MS.
1248 3391 1331 3447 obri·

322 3503 386 3556 u'm,
405 3504 474 3562 quas
493 3504 556 3542 aere
574 3507 718 3562 expressas
737 3491 806 3545 ride
824 3492 856 3544 in
874 3491 1027 3547 Lambecii
1048 3495 1231 3550 Commentar.
1257 3491 1328 3547 Bibl.

325 3595 433 3649 Caesar.
457 3611 488 3666 p.
506 3605 566 3644 211.
584 3608 645 3662 215.
666 3623 701 3633 -
727 3593 880 3648 Caeterum
902 3593 1074 3649 Philostrati
1091 3595 1171 3662 loco,
1191 3599 1225 3650 ad
1245 3613 1329 3669 quem

321 3694 427 3760 redeo,
452 3711 506 3767 pro
533 3697 578 3751 rtis
595 3690 787 3760 ῬΩΜΑΙὨΝ,
816 3696 895 3768 quod
918 3693 1131 3753 alienissimum
1156 3699 1291 3764 videtur,
1314 3713 1329 3748 e

323 3797 440 3851 Thoma
458 3799 502 3852 tais
520 3791 733 3848 ΣΜΥΡΝΑΙὨΝ
751 3798 883 3865 restitue,
904 3817 1000 3871 aperta
1019 3799 1201 3874 corruptelae
1220 3817 1328 3863 caussa,-

321 3898 394 3954 licet
411 3919 447 3953 ne
464 3916 540 3952 unus
559 3898 678 3971 quidem
698 3897 843 3954 Codicum
866 3912 999 3954 meorum
1026 3921 1040 3954 a
1066 3902 1184 3980 vulgata
1207 3901 1326 3959 recedit.

386 3993 520 4065 Ἀπιιων]
543 4000 654 4056 Thom.
674 3999 705 4056 h.
723 4021 754 4060 r.
771 4020 802 4074 p·
820 4006 865 4068 88·
886 4001 939 4059 ubi
956 4022 987 4060 r.
1004 4005 1107 4079 intpp.

394 4099 493 4173 Ἀπῆν]
513 4101 623 4160 Thom.
641 4101 664 4160 l.
685 4121 710 4159 e.
