2904 5150
753 325 812 372 ΧΠ

285 565 289 583 .
380 515 545 587 Alteram
560 507 741 604 temporis
759 507 949 604 epocham,
966 533 1077 604 quam
1092 511 1282 588 Philemo·

278 651 336 724 uis
355 667 449 720 aetas
467 645 885 743 nontransmigraverit,
911 643 1159 721 definiendam
1176 651 1282 722 testi·

276 787 401 891 monia
418 783 652 878 scriptorum,
668 796 712 850 ut
728 779 801 853 iam
819 779 995 871 diximus,
1020 783 1072 854 ita
1089 783 1282 871 deficiunt,

275 941 319 1008 ut
353 920 426 991 nisi
450 917 572 998 menti
597 915 808 1004 coniectrici
833 915 914 988 dari
939 917 1032 1014 quid
1059 943 1168 1014 posse
1194 946 1281 994 con·

276 1055 397 1140 cedas,
435 1051 480 1126 ab
513 1054 611 1126 ultra
643 1049 915 1150 progrediendo
941 1054 1013 1124 tibi
1039 1058 1191 1129 omnino
1219 1055 1281 1128 ab·

275 1188 490 1264 stinendum
531 1191 589 1263 sit.
657 1194 708 1259 At
740 1189 902 1283 collecto
940 1192 1065 1262 auimo
1098 1191 1158 1264 via
1191 1215 1280 1264 con·

246 1411 251 1423 „
274 1327 497 1418 iecturarum
513 1324 648 1396 leviter
665 1343 776 1395 strata
801 1323 987 1414 incedens,
1012 1325 1155 1398 collatis
1182 1327 1281 1398 inter

274 1488 312 1534 se
344 1481 382 1534 et
406 1462 549 1534 Lexico
583 1459 843 1558 technologico
870 1481 907 1532 et
932 1463 1195 1562 Etymolcgico
1222 1466 1280 1533 M.

272 1599 396 1670 statim
425 1588 630 1694 intelliges,
667 1597 905 1683 alterutrum,
944 1621 1060 1694 quum
1087 1616 1280 1671 contento·

271 1761 358 1818 tum
390 1737 505 1806 triens
534 1736 575 1806 in
610 1747 771 1826 utroque
802 1730 880 1803 sere
911 1733 1019 1829 isque
1048 1735 1279 1808 adverbum

165 1871 167 1879 ⁴
252 1896 378 1969 ¹saepe
412 1887 619 1964 repetatur,
658 1871 790 1964 quovis
816 1868 1047 1942 Philemonis
1082 1873 1167 1942 loco
1202 1888 1277 1942 stu·

271 2007 375 2077 diosa
401 2002 553 2077 anobis
579 2019 741 2088 notatus,
776 2027 852 2074 non
877 2029 987 2102 posse
1012 2005 1057 2076 ab
1082 2006 1200 2077 altero
1226 2007 1280 2078 ita

271 2141 489 2237 profecisse,
521 2157 704 2234 utquam
737 2140 888 2212 eviceris
916 2141 961 2214 ab
992 2144 1111 2213 altero
1138 2141 1278 2237 expila-

256 2247 352 2350 ''tum
384 2301 480 2362 esse,
517 2275 744 2349 anteriorem
775 2292 893 2347 aetate
924 2278 1131 2349 necessario
1166 2301 1279 2374 agno·

270 2439 355 2486 scas.
407 2420 532 2508 Quam
562 2433 643 2482 rem
677 2425 895 2502 anteaquam
928 2411 1026 2481 ultra
1058 2415 1278 2507 persequar,

269 2546 516 2620 necessarium
540 2544 706 2626 videtur,
739 2542 993 2640 Etymologici
1018 2560 1175 2616 aetatem
1200 2544 1277 2615 suis

270 2681 433 2772 finibus,
485 2699 665 2777 quatenus
708 2675 794 2750 fieri
831 2693 979 2772 potest,
1030 2680 1164 2752 arctius
1206 2679 1277 2750 cir-

270 2817 478 2892 cumscribi.

156 3003 158 3006 -
273 3033 274 3038 1
371 2957 430 3025 De
466 2970 636 3048 tempore
674 2951 807 3048 igitur,
858 2977 933 3046 quo
970 2951 1276 3050 Etymologicum

269 3096 325 3166 M.
359 3088 607 3183 compositum
633 3090 699 3172 sit,
738 3087 808 3158 etsi
837 3088 905 3170 vix
937 3089 1138 3160 accuratius
1165 3113 1276 3184 quam

269 3224 316 3296 de
342 3228 422 3322 ipso
451 3223 529 3294 eius
555 3227 735 3294 auctore*
760 3240 912 3308 constet,
938 3241 1061 3295 tamen
1087 3243 1170 3324 post
1194 3225 1276 3317 Syl-

269 3361 379 3459 burgi
410 3362 449 3431 in
475 3357 625 3454 praefat.
659 3383 693 3456 p.
718 3365 783 3432 lx.
815 3357 872 3430 ed.
897 3358 1000 3460 Lips.
1025 3359 1273 3432 ratiocinatio·

269 3520 356 3570 nem
394 3496 545 3568 videtur
575 3493 671 3565 mihi
708 3511 813 3564 extra
851 3519 1000 3570 omnem
1033 3496 1272 3576 dubitationis

268 3633 384 3707 aleam
409 3629 574 3726 positum
599 3653 688 3719 esse,
704 3630 985 3730 Etymologunt,
1010 3633 1043 3703 si
1069 3631 1151 3728 quis
1177 3655 1273 3704 unus

337 3866 349 3894 ⁴
367 3863 488 3920 Cossini
505 3864 584 3919 enim
597 3863 835 3919 Andromachum
854 3864 999 3938 quendam
1016 3864 1192 3940 suspicantis
1210 3880 1274 3917 sen·

271 3965 392 4020 tantiam
410 3967 486 4021 Fast.
505 3969 593 4021 Attia.
612 3967 648 4024 Τ.
669 3989 693 4026 ι.
718 3967 788 4022 diss.
808 3988 832 4020 ι.
856 3986 886 4040 p.
905 3969 967 4036 586.
992 3967 1176 4041 aliquantum
1193 3963 1271 4022 lebe-

271 4067 391 4127 ftctavit
407 4066 559 4125 Harlesius
577 4068 613 4126 ad
631 4069 710 4126 Febr.
727 4065 808 4127 Bibl.
827 4070 879 4127 Gr.
900 4069 934 4128 T.
951 4070 978 4128 6·
996 4090 1027 4148 p.
1044 4071 1106 4130 601.
