2904 5150
778 329 857 400 „xx

326 517 478 590 nomine
508 513 625 586 citata.
692 519 797 588 Num
836 512 1021 608 putandus
1053 514 1211 590 Photius
1243 519 1338 612 haee
1436 555 1437 598 3

326 653 477 725 nomina
508 649 660 744 antiquo
686 664 854 743 tempore
884 648 1049 724 inaudita
1074 651 1121 729 de
1146 677 1185 724 se
1210 653 1337 728 omniu

326 780 538 860 invenisse?
586 789 677 856 Non
711 802 836 859 tamen
860 788 1025 859 reticebo
1050 789 1185 861 Lexici
1209 791 1338 863 rheto-

325 923 416 1010 rici,
450 919 651 991 Pausaniae
675 937 795 1011 recte,
826 938 870 993 ut
895 919 1058 1020 videtur,
1090 922 1244 996 anobis
1269 925 1338 998 tri·

325 1057 457 1144 busin
483 1054 637 1126 titulum
659 1055 819 1150 pristino
843 1057 998 1131 nomine
1022 1055 1185 1130 ’Actiacis
1210 1053 1337 1152 drepi-

328 1216 393 1267 των
426 1187 630 1288 συναγωγῆς
659 1216 680 1265 α
705 1193 905 1286 Scholiasta
936 1193 1170 1288 Thucydidis
1196 1197 1239 1285 6,
1276 1215 1338 1292 27.

327 1328 482 1404 laudari.
1286 1363 1289 1370 ·

718 1658 719 1662 ,
807 1607 857 1681 11,

430 1809 489 1882 Ab
516 1821 631 1877 aetate
656 1804 887 1878 Philemonis
919 1806 1117 1881 constituta
1141 1803 1339 1906 adipsum

329 1946 405 2018 iam
438 1941 639 2014 deferimur
670 1966 783 2037 opus,
826 1937 929 2037 quod
961 1968 1009 2014 ne
1039 1921 1230 2042 integrum
1255 1943 1340 2041 qui·

330 2079 417 2153 dem
443 2075 490 2148 ad
514 2099 581 2149 nos
607 2075 836 2170 pervenisse,
861 2071 985 2172 primo
1010 2077 1154 2151 intuitu
1178 2095 1339 2175 apparet.

330 2221 520 2312 Quantum
558 2229 685 2283 autem
723 2209 955 2284 interciderit
994 2238 1043 2286 ex
1077 2216 1124 2286 iis
1154 2216 1340 2312 prooemii

328 2350 473 2431 verbis,
505 2347 640 2442 quibus
665 2347 782 2417 totius
809 2349 931 2443 operis
958 2345 1153 2443 dispositio
1180 2349 1339 2424 declara·
1436 2405 1437 2450 3

331 2501 412 2566 tur,
436 2477 646 2553 luculenter
671 2481 752 2552 erui
778 2497 920 2577 potesta
960 2473 1063 2574 ἔγνων
1092 2473 1282 2574 σύνταγμά
1306 2507 1340 2550 τι

331 2609 427 2690 nurci
469 2610 658 2705 στοιχεῖον,
702 2596 801 2685 ciavai
833 2605 978 2712 Λεξικδν
1009 2609 1076 2685 tais
1110 2605 1202 2684 iunci
1231 2610 1341 2715 μεςῶν

332 2748 395 2824 caii
429 2745 555 2846 λόγου,
595 2738 754 2846 σύνταξιν
785 2738 846 2818 καὶ
870 2749 1104 2841 saxionorum
1130 2741 1204 2820 arvei
1229 2757 1342 2850 Γςαμ.

331 2881 477 2982 patinis
520 2877 679 2982 πεςιὲχον
723 2878 917 2981 ἐγχειρίσαι
961 2907 1025 2957 σοι.
1099 2885 1202 2958 Hinc
1238 2887 1339 2960 enim

332 3022 542 3095 universam
575 3017 852 3116 grammaticam
892 3017 1099 3094 doctrinam
1134 3036 1219 3092 octo
1259 3045 1341 3093 ora·

301 3122 303 3131 ¹
333 3156 447 3228 tionis
477 3148 643 3248 partibus
682 3143 995 3248 circumscriptam
1032 3155 1106 3228 hoc
1146 3179 1258 3250 opere
1294 3155 1341 3227 ab

333 3307 484 3392 ¹auctore
516 3303 624 3397 patet
648 3283 820 3362 traditam
851 3289 981 3379 fuisse,
1018 3291 1139 3388 adque
1169 3287 1340 3362 ordinem

334 3423 449 3496 lexici
475 3419 746 3518 alphabeticum
774 3423 965 3521 digestam.
1018 3434 1119 3524 Quae
1144 3450 1235 3497 vero
1260 3423 1341 3496 fue·

335 3560 412 3632 rint
444 3559 516 3628 hae
554 3573 647 3628 octo
677 3558 851 3630 orationis
886 3577 1026 3656 partes,
1069 3560 1341 3633 Grammaticus

336 3711 495 3794 nugator
521 3690 687 3763 adhibito
713 3717 824 3766 versu
848 3693 951 3770 Iliad.
970 3717 1012 3789 χ,
1039 3711 1098 3786 59.
1122 3694 1248 3793 lepide
1274 3694 1343 3767 do·

404 3965 418 3993 ⁰
447 3961 484 4023 V.
502 3977 575 4035 quic
592 3957 799 4030 adnotavimus
814 3959 858 4016 ‘td
881 3965 910 4029 ς.
928 3971 987 4032 152.
1004 3979 1033 4038 p.
1046 3979 1113 4019 ιω.
1148 3961 1198 4020 Gi.
1215 3960 1341 4022 fimes.

338 4062 374 4119 ad
390 4059 544 4120 Callinum
565 4080 595 4136 p.
612 4065 657 4132 78.

1433 4247 1435 4368 i
