2904 5150
765 291 892 343 1¹less
905 301 907 310 '

325 472 551 547 absolvendo
578 475 796 545 extraneum
816 464 1002 572 quendam
1026 473 1241 551 litterarum
1266 501 1333 552 an-

324 613 514 707 tiquarum
538 608 720 682 cultorem
745 597 847 682 suant
866 611 1162 710 qualemcunque
1186 609 1343 709 impon-¹

326 745 424 817 disse
438 776 440 780 ¹
455 755 631 837 operam,
676 767 753 816 uon
772 749 902 843 *aegre
934 745 1035 820 leret.
1077 735 1078 738 ¹
1101 748 1232 845 Atqui*
1254 766 1334 819 tarn

234 858 237 867 ¹
324 878 503 976 singulari
527 876 671 950 ratione
696 881 737 952 in
763 877 970 953 adornanda
994 881 1222 954 Philemonis
1252 881 1334 955 edi·

324 1016 425 1086 tione
458 1013 624 1109 principe
647 1014 831 1086 Burneius
857 1037 965 1086 usus·
979 1039 1057 1088 esse
1082 1016 1249 1105 videtur,
1286 1035 1332 1090 ut

324 1145 630 1243 q'uod'laudibus
663 1147 738 1219 viri
769 1147 815 1220 de
846 1149 982 1222 litteris
1008 1150 1109 1222 haud
1133 1151 1333 1230 mediocri·

324 1301 383 1355 ter
398 1282 525 1358 meriti
540 1283 638 1355 nihil
656 1281 850 1356 detrahens
868 1283 992 1358 dicere
1011 1311 1155 1386 cogare,
1179 1311 1332 1362 omnem

324 1419 491 1490 laborem
525 1443 613 1492 oum
627 1483 629 1487 ,
643 1441 762 1493 messe
792 1420 920 1491 futuro
956 1419 1091 1495 editori
1116 1423 1250 1521 gentili
1274 1448 1334 1494 re·¹

326 1553 600 1652 petendumde
626 1557 795 1627 consulto
820 1557 900 1650 ipse
926 1555 1120 1654 reliquisse
1145 1557 1333 1654 putandus

326 1689 393 1766 sits
430 1714 553 1787 noque
587 1690 695 1762 aliter
726 1690 839 1765 etism
870 1691 986 1787 ipsius
1026 1692 1135 1766 amisi
1168 1692 1335 1766 iudicare

325 1844 546 1921 potuerunt,
573 1825 655 1921 vqui
687 1825 862 1899 editionis
896 1851 1087 1901 censuram
1118 1831 1160 1902 in
1192 1831 1332 1900 Museo

326 1962 464 2033 Critico
497 1949 799 2060 Cantabrignensi
830 1979 869 2034 et
901 1962 942 2032 in
976 1961 1147 2037 Classical
1179 1963 1337 2036 Iournel'

325 2095 628 2193 ingesserunt
687 2101 786 2168 Nam
818 2096 958 2170 iustum
992 2098 1146 2170 editoris
1170 2095 1335 2171 officium

325 2231 377 2302 ita
402 2248 466 2302 sut
490 2232 677 2328 ignorasse
702 2254 853 2328 prorsus
879 2251 943 2304 eut
968 2235 1147 2329 sprevisse
1172 2231 1335 2318 videtum·

326 2371 369 2440 ut
395 2365 475 2438 vnisi
508 2365 662 2438 Burneii
700 2365 795 2438 fides
835 2365 983 2440 aliunde
1021 2385 1223 2451 constaret,
1264 2390 1335 2438 nae
1367 2385 1369 2388 ’

325 2500 559 2596 turpissimae
592 2502 815 2574 temeritatis
833 2521 898 2576 aut
922 2503 1150 2600 ignorantiae
1175 2500 1335 2573 crimine

326 2637 548 2732 vapularet·
576 2641 726 2710 Praeter
752 2638 852 2710 enim
876 2638 1043 2722 titulum,
1070 2660 1145 2734 quo
1166 2635 1334 2709 Lexicon

327 2769 500 2844 scodioe
530 2771 697 2847 Parisino
729 2773 807 2844 edi.
822 2771 990 2844 breviter
1021 2769 1225 2842 indicatum
1257 2788 1333 2858 est,

326 2923 365 2983 et
402 2904 627 2996 dicaturam,
672 2933 721 2980 ne
759 2908 917 2978 verbum
958 2904 1111 3000 quidem
1147 2905 1333 2980 adiectum

261 3021 266 3028 ⁵
328 3057 402 3132 est,
440 3065 516 3137 quo
542 3044 604 3112 vel
629 3041 683 3113 de
708 3059 857 3114 auctore
882 3041 1015 3113 Lexici
1046 3041 1107 3112 vel
1132 3040 1179 3112 de
1204 3041 1334 3113 codice

327 3177 481 3274 eiusque
506 3180 686 3272 scriptura
712 3175 924 3274 expositum
941 3177 999 3250 sit.
1048 3185 1176 3274 Itaque
1193 3177 1344 3250 fuctum¹

327 3329 370 3383 ut
395 3337 503 3385 curae
529 3314 625 3403 eius,
652 3312 718 3408 qui
744 3310 894 3384 editoris
918 3333 1073 3382 munere
1099 3310 1223 3386 denuo
1249 3311 1332 3382 iun·

327 3467 486 3546 geretur,
512 3473 555 3520 ea
579 3448 702 3520 omnia
719 3446 1332 3541 mamximopere-oornmendaren-

328 3602 410 3668 tur,
449 3607 549 3682 ¹quae
581 3585 789 3659 aliurneio
811 3585 883 3656 ¹vel
912 3583 1039 3655 relicta
1068 3583 1133 3654 vel
1162 3583 1333 3680 neglectu

251 3763 254 3777 ·
329 3725 467 3799 essenti
492 3721 534 3792 in
560 3745 632 3819 qua
656 3720 847 3816 provincis
872 3703 1157 3792 edrninistrandn
1182 3741 1228 3789 an
1248 3742 1333 3790 cau·

329 3857 465 3928 tiorem
489 3874 526 3929 et
550 3855 763 3954 probiorem
795 3853 1148 3952 mepraestiterim,
1185 3853 1250 3926 alii
1273 3855 1334 3924 iu«
1369 3877 1374 3883 ·

331 3986 519 4072 dicabunt.
635 4054 637 4059 .
