<?xml version="1.0" encoding="UTF-8"?>
<!DOCTYPE html PUBLIC "-//W3C//DTD XHTML 1.0 Transitional//EN"
    "http://www.w3.org/TR/xhtml1/DTD/xhtml1-transitional.dtd">
<html xmlns="http://www.w3.org/1999/xhtml" xml:lang="en" lang="en">
 <head>
  <title>
</title>
<meta http-equiv="Content-Type" content="text/html;charset=utf-8" />
  <meta name='ocr-system' content='tesseract 3.04.00' />
  <meta name='ocr-capabilities' content='ocr_page ocr_carea ocr_par ocr_line ocrx_word'/>
</head>
<body>
  <div class='ocr_page' id='page_1' title='image "./philemonisgramm00diasgoog_0028.png"; bbox 0 0 2904 5150; ppageno 0'>
   <div class='ocr_carea' id='block_1_1' title="bbox 748 289 841 382">
    <p class='ocr_par' dir='ltr' id='par_1_1' title="bbox 748 289 841 382">
     <span class='ocr_line' id='line_1_1' title="bbox 748 289 841 382; baseline -0.022 -18"><span class='ocrx_word' id='word_1_1' title='bbox 748 289 841 382; x_wconf 63' lang='lat' dir='ltr'><strong>‘³er</strong></span> 
     </span>
    </p>
   </div>
   <div class='ocr_carea' id='block_1_2' title="bbox 296 487 1352 726">
    <p class='ocr_par' dir='ltr' id='par_1_2' title="bbox 296 487 1352 726">
     <span class='ocr_line' id='line_1_2' title="bbox 297 487 1352 593; baseline 0.005 -29"><span class='ocrx_word' id='word_1_2' title='bbox 297 493 395 593; x_wconf 82' lang='lat' dir='ltr'><strong>gulis</strong></span> <span class='ocrx_word' id='word_1_3' title='bbox 443 489 650 576; x_wconf 74' lang='lat' dir='ltr'><strong>voeabolit&#39;</strong></span> <span class='ocrx_word' id='word_1_4' title='bbox 674 493 970 586; x_wconf 80' lang='lat' dir='ltr'><strong>¹sequutun1.‘se</strong></span> <span class='ocrx_word' id='word_1_5' title='bbox 1020 493 1096 562; x_wconf 76' lang='lat' dir='ltr'><strong>esse</strong></span> <span class='ocrx_word' id='word_1_6' title='bbox 1116 556 1118 564; x_wconf 79' lang='grc'>,</span> <span class='ocrx_word' id='word_1_7' title='bbox 1136 487 1299 588; x_wconf 65' lang='lat' dir='ltr'><strong>ipse-sia</strong></span> <span class='ocrx_word' id='word_1_8' title='bbox 1337 569 1352 576; x_wconf 83' lang='grc'><strong>,,</strong></span> 
     </span>
     <span class='ocr_line' id='line_1_3' title="bbox 296 622 1301 726; baseline -0.001 -25"><span class='ocrx_word' id='word_1_9' title='bbox 296 629 506 726; x_wconf 78' lang='lat' dir='ltr'><strong>prooemio.</strong></span> <span class='ocrx_word' id='word_1_10' title='bbox 526 622 758 724; x_wconf 82' lang='lat' dir='ltr'><strong>significavit.</strong></span> <span class='ocrx_word' id='word_1_11' title='bbox 787 630 921 698; x_wconf 83' lang='lat' dir='ltr'><strong>&#39;Hune</strong></span> <span class='ocrx_word' id='word_1_12' title='bbox 953 627 1054 699; x_wconf 86' lang='lat' dir='ltr'><strong>enim</strong></span> <span class='ocrx_word' id='word_1_13' title='bbox 1082 627 1181 722; x_wconf 85' lang='lat' dir='ltr'><strong>apud</strong></span> <span class='ocrx_word' id='word_1_14' title='bbox 1206 628 1301 702; x_wconf 84' lang='lat' dir='ltr'><strong>anti·</strong></span> 
     </span>
    </p>
   </div>
   <div class='ocr_carea' id='block_1_3' title="bbox 297 757 1301 1130">
    <p class='ocr_par' dir='ltr' id='par_1_3' title="bbox 297 757 1301 1130">
     <span class='ocr_line' id='line_1_4' title="bbox 297 757 1301 862; baseline -0.005 -22"><span class='ocrx_word' id='word_1_15' title='bbox 297 789 389 862; x_wconf 87' lang='lat' dir='ltr'><strong>quos</strong></span> <span class='ocrx_word' id='word_1_16' title='bbox 433 760 736 859; x_wconf 81' lang='lat' dir='ltr'><strong>Lexieographos</strong></span> <span class='ocrx_word' id='word_1_17' title='bbox 784 760 937 835; x_wconf 85' lang='lat' dir='ltr'><strong>solitum</strong></span> <span class='ocrx_word' id='word_1_18' title='bbox 986 761 1156 837; x_wconf 82' lang='lat' dir='ltr'>ordinem</span> <span class='ocrx_word' id='word_1_19' title='bbox 1182 757 1301 835; x_wconf 73' lang='lat' dir='ltr'><strong>‘rasti</strong></span> 
     </span>
     <span class='ocr_line' id='line_1_5' title="bbox 298 895 1300 992; baseline -0.002 -20"><span class='ocrx_word' id='word_1_20' title='bbox 298 901 471 989; x_wconf 69' lang='grc' dir='ltr'><strong><em>στοιχεῖον</em></strong></span> <span class='ocrx_word' id='word_1_21' title='bbox 512 895 655 974; x_wconf 80' lang='lat' dir='ltr'><strong>dietum</strong></span> <span class='ocrx_word' id='word_1_22' title='bbox 696 920 813 992; x_wconf 89' lang='lat' dir='ltr'><strong>quum</strong></span> <span class='ocrx_word' id='word_1_23' title='bbox 848 897 1031 972; x_wconf 84' lang='lat' dir='ltr'><strong>Borneius</strong></span> <span class='ocrx_word' id='word_1_24' title='bbox 1058 896 1176 970; x_wconf 77' lang='lat' dir='ltr'><strong>,haud</strong></span> <span class='ocrx_word' id='word_1_25' title='bbox 1213 898 1300 976; x_wconf 84' lang='lat' dir='ltr'><strong>satis</strong></span> 
     </span>
     <span class='ocr_line' id='line_1_6' title="bbox 297 1030 1301 1130; baseline 0 -23"><span class='ocrx_word' id='word_1_26' title='bbox 297 1034 540 1130; x_wconf 82' lang='lat' dir='ltr'>perspiceret,</span> <span class='ocrx_word' id='word_1_27' title='bbox 577 1049 725 1108; x_wconf 80' lang='lat' dir='ltr'><strong>textum</strong></span> <span class='ocrx_word' id='word_1_28' title='bbox 750 1032 954 1129; x_wconf 75' lang='lat' dir='ltr'><strong>scriptoris,</strong></span> <span class='ocrx_word' id='word_1_29' title='bbox 986 1030 1202 1128; x_wconf 84' lang='lat' dir='ltr'><strong>ubicunque</strong></span> <span class='ocrx_word' id='word_1_30' title='bbox 1225 1033 1301 1107; x_wconf 67' lang='lat' dir='ltr'><strong>usio</strong></span> 
     </span>
    </p>
   </div>
   <div class='ocr_carea' id='block_1_4' title="bbox 182 1168 1303 1263">
    <p class='ocr_par' dir='ltr' id='par_1_4' title="bbox 182 1168 1303 1263">
     <span class='ocr_line' id='line_1_7' title="bbox 182 1168 1303 1263; baseline 0 -19"><span class='ocrx_word' id='word_1_31' title='bbox 182 1224 188 1231; x_wconf 80' lang='lat'><strong>·</strong></span> <span class='ocrx_word' id='word_1_32' title='bbox 298 1185 411 1246; x_wconf 79' lang='lat' dir='ltr'><strong>totam</strong></span> <span class='ocrx_word' id='word_1_33' title='bbox 441 1170 545 1263; x_wconf 87' lang='lat' dir='ltr'><strong>apud</strong></span> <span class='ocrx_word' id='word_1_34' title='bbox 574 1186 755 1245; x_wconf 82' lang='lat' dir='ltr'><strong>nostrates</strong></span> <span class='ocrx_word' id='word_1_35' title='bbox 780 1169 1049 1243; x_wconf 88' lang='lat' dir='ltr'><strong>vocabulorum</strong></span> <span class='ocrx_word' id='word_1_36' title='bbox 1073 1168 1207 1244; x_wconf 85' lang='lat' dir='ltr'><strong>seriem</strong></span> <span class='ocrx_word' id='word_1_37' title='bbox 1230 1169 1303 1244; x_wconf 84' lang='lat' dir='ltr'><strong>mi·</strong></span> 
     </span>
    </p>
   </div>
   <div class='ocr_carea' id='block_1_5' title="bbox 204 1275 1373 4105">
    <p class='ocr_par' dir='ltr' id='par_1_5' title="bbox 204 1275 1373 4105">
     <span class='ocr_line' id='line_1_8' title="bbox 300 1275 1304 1402; baseline 0.001 -24"><span class='ocrx_word' id='word_1_38' title='bbox 300 1303 399 1402; x_wconf 78' lang='lat' dir='ltr'><strong>grati</strong></span> <span class='ocrx_word' id='word_1_39' title='bbox 439 1301 601 1390; x_wconf 82' lang='lat' dir='ltr'><strong>videret,</strong></span> <span class='ocrx_word' id='word_1_40' title='bbox 642 1275 920 1400; x_wconf 71' lang='lat' dir='ltr'><strong>transponeadis</strong></span> <span class='ocrx_word' id='word_1_41' title='bbox 955 1301 1145 1379; x_wconf 85' lang='lat' dir='ltr'><strong>vocabulis</strong></span> <span class='ocrx_word' id='word_1_42' title='bbox 1184 1321 1223 1375; x_wconf 84' lang='lat' dir='ltr'><strong>et</strong></span> <span class='ocrx_word' id='word_1_43' title='bbox 1261 1303 1304 1379; x_wconf 84' lang='grc'><strong>11</strong></span> 
     </span>
     <span class='ocr_line' id='line_1_9' title="bbox 299 1438 1305 1539; baseline 0 -30"><span class='ocrx_word' id='word_1_44' title='bbox 299 1438 441 1516; x_wconf 80' lang='lat' dir='ltr'><strong>iustum</strong></span> <span class='ocrx_word' id='word_1_45' title='bbox 474 1439 613 1516; x_wconf 82' lang='lat' dir='ltr'><strong>seilicet</strong></span> <span class='ocrx_word' id='word_1_46' title='bbox 637 1441 765 1513; x_wconf 85' lang='lat' dir='ltr'><strong>locum</strong></span> <span class='ocrx_word' id='word_1_47' title='bbox 788 1438 1010 1539; x_wconf 76' lang='lat' dir='ltr'><strong>redigendis·</strong></span> <span class='ocrx_word' id='word_1_48' title='bbox 1023 1443 1157 1516; x_wconf 84' lang='lat' dir='ltr'><strong>misere</strong></span> <span class='ocrx_word' id='word_1_49' title='bbox 1181 1462 1305 1537; x_wconf 80' lang='lat' dir='ltr'><strong>saepe·</strong></span> 
     </span>
     <span class='ocr_line' id='line_1_10' title="bbox 238 1570 1368 1682; baseline -0.003 -34"><span class='ocrx_word' id='word_1_50' title='bbox 238 1675 242 1682; x_wconf 26' lang='grc' dir='ltr'>Ι</span> <span class='ocrx_word' id='word_1_51' title='bbox 298 1597 457 1664; x_wconf 82' lang='lat' dir='ltr'><strong>numero</strong></span> <span class='ocrx_word' id='word_1_52' title='bbox 490 1575 669 1678; x_wconf 69' lang='lat' dir='ltr'><strong>uulsavit,</strong></span> <span class='ocrx_word' id='word_1_53' title='bbox 710 1575 812 1672; x_wconf 86' lang='lat' dir='ltr'><strong>quod</strong></span> <span class='ocrx_word' id='word_1_54' title='bbox 844 1575 1306 1662; x_wconf 80' lang='lat' dir='ltr'><strong>ad§§.115.118.156.</strong></span> <span class='ocrx_word' id='word_1_55' title='bbox 1360 1570 1368 1668; x_wconf 28' lang='grc' dir='ltr'>ζ</span> 
     </span>
     <span class='ocr_line' id='line_1_11' title="bbox 281 1707 1364 1807; baseline -0.001 -27"><span class='ocrx_word' id='word_1_56' title='bbox 281 1707 576 1785; x_wconf 77' lang='lat' dir='ltr'><strong>-atlnotavimuss</strong></span> <span class='ocrx_word' id='word_1_57' title='bbox 613 1735 853 1807; x_wconf 84' lang='lat' dir='ltr'><strong>¹quamquam</strong></span> <span class='ocrx_word' id='word_1_58' title='bbox 889 1709 1011 1784; x_wconf 82' lang='lat' dir='ltr'>editor</span> <span class='ocrx_word' id='word_1_59' title='bbox 1041 1710 1185 1807; x_wconf 81' lang='lat' dir='ltr'><strong>Anglus</strong></span> <span class='ocrx_word' id='word_1_60' title='bbox 1218 1733 1304 1803; x_wconf 82' lang='lat' dir='ltr'><strong>pro·</strong></span> <span class='ocrx_word' id='word_1_61' title='bbox 1361 1785 1364 1790; x_wconf 66' lang='grc'>,</span> 
     </span>
     <span class='ocr_line' id='line_1_12' title="bbox 300 1844 1306 1941; baseline 0.006 -27"><span class='ocrx_word' id='word_1_62' title='bbox 300 1845 411 1939; x_wconf 86' lang='lat' dir='ltr'><strong>positi</strong></span> <span class='ocrx_word' id='word_1_63' title='bbox 443 1844 501 1924; x_wconf 86' lang='lat' dir='ltr'><strong>sui</strong></span> <span class='ocrx_word' id='word_1_64' title='bbox 525 1845 589 1919; x_wconf 87' lang='lat' dir='ltr'><strong>hio</strong></span> <span class='ocrx_word' id='word_1_65' title='bbox 613 1845 694 1917; x_wconf 86' lang='lat' dir='ltr'><strong>illio</strong></span> <span class='ocrx_word' id='word_1_66' title='bbox 718 1847 928 1920; x_wconf 83' lang='lat' dir='ltr'><strong>autminus</strong></span> <span class='ocrx_word' id='word_1_67' title='bbox 953 1869 1117 1941; x_wconf 86' lang='lat' dir='ltr'><strong>memor,</strong></span> <span class='ocrx_word' id='word_1_68' title='bbox 1147 1861 1211 1918; x_wconf 85' lang='lat' dir='ltr'><strong>aut</strong></span> <span class='ocrx_word' id='word_1_69' title='bbox 1234 1845 1306 1920; x_wconf 87' lang='lat' dir='ltr'><strong>mi·</strong></span> 
     </span>
     <span class='ocr_line' id='line_1_13' title="bbox 300 1978 1307 2075; baseline 0 -25"><span class='ocrx_word' id='word_1_70' title='bbox 300 2003 370 2053; x_wconf 85' lang='lat' dir='ltr'><strong>nus</strong></span> <span class='ocrx_word' id='word_1_71' title='bbox 402 1998 516 2056; x_wconf 77' lang='lat' dir='ltr'><strong>tenax</strong></span> <span class='ocrx_word' id='word_1_72' title='bbox 547 1978 637 2068; x_wconf 80' lang='lat' dir='ltr'><strong>fuit,</strong></span> <span class='ocrx_word' id='word_1_73' title='bbox 668 1983 726 2054; x_wconf 90' lang='lat' dir='ltr'><strong>uti</strong></span> <span class='ocrx_word' id='word_1_74' title='bbox 752 1985 801 2063; x_wconf 84' lang='lat'><strong>§§.</strong></span> <span class='ocrx_word' id='word_1_75' title='bbox 828 1993 888 2071; x_wconf 93' lang='grc'><strong>85.</strong></span> <span class='ocrx_word' id='word_1_76' title='bbox 914 1986 974 2075; x_wconf 76' lang='grc'><strong>84.</strong></span> <span class='ocrx_word' id='word_1_77' title='bbox 1002 1993 1062 2067; x_wconf 86' lang='grc'><strong>85.</strong></span> <span class='ocrx_word' id='word_1_78' title='bbox 1091 2001 1173 2069; x_wconf 89' lang='grc'><strong>151.</strong></span> <span class='ocrx_word' id='word_1_79' title='bbox 1202 1982 1307 2068; x_wconf 86' lang='grc'><strong>156.,</strong></span> 
     </span>
     <span class='ocr_line' id='line_1_14' title="bbox 301 2114 1328 2211; baseline -0.001 -30"><span class='ocrx_word' id='word_1_80' title='bbox 301 2138 394 2208; x_wconf 83' lang='lat' dir='ltr'><strong>quae</strong></span> <span class='ocrx_word' id='word_1_81' title='bbox 425 2114 507 2189; x_wconf 86' lang='lat' dir='ltr'><strong>looa</strong></span> <span class='ocrx_word' id='word_1_82' title='bbox 538 2115 693 2211; x_wconf 88' lang='lat' dir='ltr'><strong>reliquit</strong></span> <span class='ocrx_word' id='word_1_83' title='bbox 724 2114 870 2193; x_wconf 81' lang='lat' dir='ltr'><strong>intaeta.</strong></span> <span class='ocrx_word' id='word_1_84' title='bbox 924 2118 997 2190; x_wconf 91' lang='lat' dir='ltr'><strong>Hio</strong></span> <span class='ocrx_word' id='word_1_85' title='bbox 1021 2116 1122 2190; x_wconf 87' lang='lat' dir='ltr'><strong>enim</strong></span> <span class='ocrx_word' id='word_1_86' title='bbox 1147 2114 1328 2187; x_wconf 80' lang='lat' dir='ltr'><strong>vocabu..</strong></span> 
     </span>
     <span class='ocr_line' id='line_1_15' title="bbox 299 2243 1308 2349; baseline -0.001 -26"><span class='ocrx_word' id='word_1_87' title='bbox 299 2249 425 2323; x_wconf 84' lang='lat' dir='ltr'><strong>lorum</strong></span> <span class='ocrx_word' id='word_1_88' title='bbox 464 2248 558 2322; x_wconf 88' lang='lat' dir='ltr'><strong>ordo</strong></span> <span class='ocrx_word' id='word_1_89' title='bbox 597 2243 693 2324; x_wconf 76' lang='lat' dir='ltr'><strong>aerei</strong></span> <span class='ocrx_word' id='word_1_90' title='bbox 731 2256 906 2346; x_wconf 71' lang='grc' dir='ltr'><strong><em>στοιχεῖον</em></strong></span> <span class='ocrx_word' id='word_1_91' title='bbox 948 2253 1063 2349; x_wconf 81' lang='lat' dir='ltr'><strong>vulgo</strong></span> <span class='ocrx_word' id='word_1_92' title='bbox 1102 2250 1308 2346; x_wconf 82' lang='lat' dir='ltr'><strong>adpellatus</strong></span> 
     </span>
     <span class='ocr_line' id='line_1_16' title="bbox 301 2384 1310 2482; baseline -0.004 -30"><span class='ocrx_word' id='word_1_93' title='bbox 301 2408 378 2458; x_wconf 80' lang='lat' dir='ltr'><strong>noa</strong></span> <span class='ocrx_word' id='word_1_94' title='bbox 403 2389 551 2468; x_wconf 83' lang='lat' dir='ltr'><strong>is-erat,</strong></span> <span class='ocrx_word' id='word_1_95' title='bbox 577 2411 652 2481; x_wconf 87' lang='lat' dir='ltr'><strong>quo</strong></span> <span class='ocrx_word' id='word_1_96' title='bbox 680 2385 838 2481; x_wconf 81' lang='lat' dir='ltr'><strong>quodvis</strong></span> <span class='ocrx_word' id='word_1_97' title='bbox 863 2385 1088 2456; x_wconf 85' lang='lat' dir='ltr'><strong>vocabulum</strong></span> <span class='ocrx_word' id='word_1_98' title='bbox 1113 2384 1160 2454; x_wconf 87' lang='lat' dir='ltr'><strong>ad</strong></span> <span class='ocrx_word' id='word_1_99' title='bbox 1184 2386 1310 2482; x_wconf 82' lang='lat' dir='ltr'><strong>singu.</strong></span> 
     </span>
     <span class='ocr_line' id='line_1_17' title="bbox 300 2513 1310 2614; baseline -0.004 -22"><span class='ocrx_word' id='word_1_100' title='bbox 300 2519 376 2594; x_wconf 84' lang='lat' dir='ltr'><strong>lam</strong></span> <span class='ocrx_word' id='word_1_101' title='bbox 393 2593 396 2597; x_wconf 86' lang='grc'><em>,</em></span> <span class='ocrx_word' id='word_1_102' title='bbox 415 2524 582 2614; x_wconf 82' lang='lat' dir='ltr'><strong>quamvis</strong></span> <span class='ocrx_word' id='word_1_103' title='bbox 620 2522 783 2595; x_wconf 82' lang='lat' dir='ltr'><strong>litteram</strong></span> <span class='ocrx_word' id='word_1_104' title='bbox 825 2537 997 2596; x_wconf 79' lang='lat' dir='ltr'><strong>exactum</strong></span> <span class='ocrx_word' id='word_1_105' title='bbox 1029 2541 1050 2587; x_wconf 89' lang='lat' dir='ltr'><strong>e</strong></span> <span class='ocrx_word' id='word_1_106' title='bbox 1082 2513 1177 2590; x_wconf 85' lang='lat' dir='ltr'><strong>serie</strong></span> <span class='ocrx_word' id='word_1_107' title='bbox 1210 2517 1310 2613; x_wconf 89' lang='lat' dir='ltr'><strong>apud</strong></span> 
     </span>
     <span class='ocr_line' id='line_1_18' title="bbox 301 2651 1330 2756; baseline 0 -33"><span class='ocrx_word' id='word_1_108' title='bbox 301 2679 369 2725; x_wconf 91' lang='lat' dir='ltr'><strong>nos</strong></span> <span class='ocrx_word' id='word_1_109' title='bbox 404 2653 633 2756; x_wconf 79' lang='lat' dir='ltr'><strong>alphabetico¹</strong></span> <span class='ocrx_word' id='word_1_110' title='bbox 663 2655 761 2731; x_wconf 81' lang='lat' dir='ltr'><strong>dieta</strong></span> <span class='ocrx_word' id='word_1_111' title='bbox 784 2657 911 2726; x_wconf 83' lang='lat' dir='ltr'><strong>locum</strong></span> <span class='ocrx_word' id='word_1_112' title='bbox 936 2652 1140 2740; x_wconf 85' lang='lat' dir='ltr'><strong>inveniret,</strong></span> <span class='ocrx_word' id='word_1_113' title='bbox 1173 2651 1239 2725; x_wconf 82' lang='lat' dir='ltr'><strong>sed</strong></span> <span class='ocrx_word' id='word_1_114' title='bbox 1262 2651 1330 2741; x_wconf 74' lang='grc'><strong>11-1</strong></span> 
     </span>
     <span class='ocr_line' id='line_1_19' title="bbox 302 2787 1311 2885; baseline 0.001 -29"><span class='ocrx_word' id='word_1_115' title='bbox 302 2787 427 2861; x_wconf 88' lang='lat' dir='ltr'><strong>berior</strong></span> <span class='ocrx_word' id='word_1_116' title='bbox 456 2790 541 2880; x_wconf 86' lang='lat' dir='ltr'><strong>ille,</strong></span> <span class='ocrx_word' id='word_1_117' title='bbox 577 2815 652 2885; x_wconf 91' lang='lat' dir='ltr'><strong>quo</strong></span> <span class='ocrx_word' id='word_1_118' title='bbox 686 2789 846 2861; x_wconf 78' lang='lat' dir='ltr'><strong>initiales</strong></span> <span class='ocrx_word' id='word_1_119' title='bbox 871 2787 1139 2862; x_wconf 80' lang='lat' dir='ltr'><strong>vocabulorum</strong></span> <span class='ocrx_word' id='word_1_120' title='bbox 1164 2787 1311 2858; x_wconf 89' lang='lat' dir='ltr'><strong>litterae</strong></span> 
     </span>
     <span class='ocr_line' id='line_1_20' title="bbox 303 2920 1373 3022; baseline 0.004 -30"><span class='ocrx_word' id='word_1_121' title='bbox 303 2925 365 2998; x_wconf 86' lang='lat' dir='ltr'><strong>vel</strong></span> <span class='ocrx_word' id='word_1_122' title='bbox 396 2927 516 3018; x_wconf 85' lang='lat' dir='ltr'><strong>prima</strong></span> <span class='ocrx_word' id='word_1_123' title='bbox 546 2927 648 3001; x_wconf 83' lang='lat' dir='ltr'><strong>vocis</strong></span> <span class='ocrx_word' id='word_1_124' title='bbox 681 2923 825 3016; x_wconf 81' lang='lat' dir='ltr'><strong>syllaba</strong></span> <span class='ocrx_word' id='word_1_125' title='bbox 856 2920 1118 3022; x_wconf 73' lang='lat' dir='ltr'><strong>tantummodo</strong></span> <span class='ocrx_word' id='word_1_126' title='bbox 1150 2923 1310 3016; x_wconf 84' lang='lat' dir='ltr'><strong>respice·</strong></span> <span class='ocrx_word' id='word_1_127' title='bbox 1370 2995 1373 3002; x_wconf 79' lang='grc'>,</span> 
     </span>
     <span class='ocr_line' id='line_1_21' title="bbox 204 3058 1311 3154; baseline 0.004 -28"><span class='ocrx_word' id='word_1_128' title='bbox 204 3063 206 3072; x_wconf 70' lang='grc'><strong>”</strong></span> <span class='ocrx_word' id='word_1_129' title='bbox 302 3076 447 3136; x_wconf 76' lang='lat' dir='ltr'><strong>rentur:</strong></span> <span class='ocrx_word' id='word_1_130' title='bbox 496 3061 598 3154; x_wconf 89' lang='lat' dir='ltr'><strong>quod</strong></span> <span class='ocrx_word' id='word_1_131' title='bbox 642 3058 765 3129; x_wconf 88' lang='lat' dir='ltr'><strong>omnia</strong></span> <span class='ocrx_word' id='word_1_132' title='bbox 807 3080 901 3150; x_wconf 87' lang='lat' dir='ltr'><strong>quae</strong></span> <span class='ocrx_word' id='word_1_133' title='bbox 939 3074 1136 3153; x_wconf 85' lang='lat' dir='ltr'><strong>supersunt</strong></span> <span class='ocrx_word' id='word_1_134' title='bbox 1171 3059 1311 3130; x_wconf 82' lang='lat' dir='ltr'><strong>Lexica</strong></span> 
     </span>
     <span class='ocr_line' id='line_1_22' title="bbox 304 3189 1314 3290; baseline -0.006 -22"><span class='ocrx_word' id='word_1_135' title='bbox 304 3196 441 3269; x_wconf 80' lang='lat' dir='ltr'><strong>Graeca</strong></span> <span class='ocrx_word' id='word_1_136' title='bbox 472 3189 611 3270; x_wconf 79' lang='lat' dir='ltr'><strong>affatim</strong></span> <span class='ocrx_word' id='word_1_137' title='bbox 648 3189 886 3279; x_wconf 77' lang='lat' dir='ltr'><strong>confirmant,</strong></span> <span class='ocrx_word' id='word_1_138' title='bbox 937 3215 1099 3290; x_wconf 86' lang='lat' dir='ltr'><strong>quorum</strong></span> <span class='ocrx_word' id='word_1_139' title='bbox 1138 3191 1314 3290; x_wconf 87' lang='lat' dir='ltr'><strong>equidem</strong></span> 
     </span>
     <span class='ocr_line' id='line_1_23' title="bbox 304 3324 1310 3415; baseline -0.001 -19"><span class='ocrx_word' id='word_1_140' title='bbox 304 3326 454 3397; x_wconf 88' lang='lat' dir='ltr'><strong>nullum</strong></span> <span class='ocrx_word' id='word_1_141' title='bbox 491 3331 582 3398; x_wconf 89' lang='lat' dir='ltr'><strong>novi</strong></span> <span class='ocrx_word' id='word_1_142' title='bbox 622 3324 826 3401; x_wconf 84' lang='lat' dir='ltr'><strong>secundum</strong></span> <span class='ocrx_word' id='word_1_143' title='bbox 866 3327 1007 3400; x_wconf 86' lang='lat' dir='ltr'><strong>litteras</strong></span> <span class='ocrx_word' id='word_1_144' title='bbox 1050 3351 1171 3415; x_wconf 86' lang='lat' dir='ltr'><strong>more</strong></span> <span class='ocrx_word' id='word_1_145' title='bbox 1197 3327 1310 3398; x_wconf 84' lang='lat' dir='ltr'><strong>huius</strong></span> 
     </span>
     <span class='ocr_line' id='line_1_24' title="bbox 305 3453 1310 3564; baseline -0.005 -29"><span class='ocrx_word' id='word_1_146' title='bbox 305 3453 430 3536; x_wconf 53' lang='lat' dir='ltr'><strong>aetatis</strong></span> <span class='ocrx_word' id='word_1_147' title='bbox 469 3462 702 3563; x_wconf 87' lang='lat' dir='ltr'><strong>dispositum.</strong></span> <span class='ocrx_word' id='word_1_148' title='bbox 778 3467 901 3564; x_wconf 81' lang='lat' dir='ltr'><strong>Atque</strong></span> <span class='ocrx_word' id='word_1_149' title='bbox 943 3488 990 3535; x_wconf 90' lang='lat' dir='ltr'><strong>eo</strong></span> <span class='ocrx_word' id='word_1_150' title='bbox 1026 3489 1102 3561; x_wconf 92' lang='lat' dir='ltr'><strong>quo</strong></span> <span class='ocrx_word' id='word_1_151' title='bbox 1145 3461 1310 3534; x_wconf 79' lang='lat' dir='ltr'><strong>diximus</strong></span> 
     </span>
     <span class='ocr_line' id='line_1_25' title="bbox 304 3591 1312 3695; baseline -0.006 -21"><span class='ocrx_word' id='word_1_152' title='bbox 304 3596 514 3695; x_wconf 82' lang='lat' dir='ltr'><strong>significatu</strong></span> <span class='ocrx_word' id='word_1_153' title='bbox 562 3598 734 3673; x_wconf 82' lang='lat' dir='ltr'><strong>ordinem</strong></span> <span class='ocrx_word' id='word_1_154' title='bbox 775 3591 871 3670; x_wconf 74' lang='lat' dir='ltr'><strong>torti</strong></span> <span class='ocrx_word' id='word_1_155' title='bbox 911 3605 1081 3691; x_wconf 74' lang='grc' dir='ltr'><strong><em>στοιχεῖον</em></strong></span> <span class='ocrx_word' id='word_1_156' title='bbox 1123 3599 1312 3674; x_wconf 88' lang='lat' dir='ltr'><strong>veteribus</strong></span> 
     </span>
     <span class='ocr_line' id='line_1_26' title="bbox 304 3731 1373 3830; baseline -0.004 -20"><span class='ocrx_word' id='word_1_157' title='bbox 304 3733 459 3820; x_wconf 21' lang='lat' dir='ltr'><strong>dietum*</strong></span> <span class='ocrx_word' id='word_1_158' title='bbox 480 3731 611 3822; x_wconf 81' lang='lat' dir='ltr'><strong>fuisse,</strong></span> <span class='ocrx_word' id='word_1_159' title='bbox 661 3757 747 3806; x_wconf 86' lang='lat' dir='ltr'><strong>oum</strong></span> <span class='ocrx_word' id='word_1_160' title='bbox 788 3758 836 3808; x_wconf 83' lang='lat' dir='ltr'><strong>ex</strong></span> <span class='ocrx_word' id='word_1_161' title='bbox 873 3734 952 3830; x_wconf 88' lang='lat' dir='ltr'><strong>ipsa</strong></span> <span class='ocrx_word' id='word_1_162' title='bbox 983 3759 1025 3804; x_wconf 90' lang='lat' dir='ltr'><strong>re</strong></span> <span class='ocrx_word' id='word_1_163' title='bbox 1058 3751 1177 3828; x_wconf 83' lang='lat' dir='ltr'><strong>patet,</strong></span> <span class='ocrx_word' id='word_1_164' title='bbox 1227 3751 1312 3808; x_wconf 89' lang='lat' dir='ltr'><strong>tum</strong></span> <span class='ocrx_word' id='word_1_165' title='bbox 1371 3799 1373 3806; x_wconf 25' lang='lat'><strong><em>⁴</em></strong></span> 
     </span>
     <span class='ocr_line' id='line_1_27' title="bbox 305 3867 1313 3975; baseline -0.001 -36"><span class='ocrx_word' id='word_1_166' title='bbox 305 3867 417 3947; x_wconf 83' lang='lat' dir='ltr'><strong>etiam</strong></span> <span class='ocrx_word' id='word_1_167' title='bbox 455 3867 642 3946; x_wconf 83' lang='lat' dir='ltr'><strong>Eustathii</strong></span> <span class='ocrx_word' id='word_1_168' title='bbox 680 3867 899 3942; x_wconf 46' lang='lat' dir='ltr'><strong>auctoritate*</strong></span> <span class='ocrx_word' id='word_1_169' title='bbox 935 3868 1214 3966; x_wconf 84' lang='lat' dir='ltr'><strong>comprobatur,</strong></span> <span class='ocrx_word' id='word_1_170' title='bbox 1253 3867 1313 3975; x_wconf 81' lang='lat' dir='ltr'><strong>tle</strong></span> 
     </span>
     <span class='ocr_line' id='line_1_28' title="bbox 237 4002 1312 4105; baseline -0.004 -29"><span class='ocrx_word' id='word_1_171' title='bbox 237 4029 238 4034; x_wconf 43' lang='lat'>¹</span> <span class='ocrx_word' id='word_1_172' title='bbox 304 4002 438 4082; x_wconf 84' lang='lat' dir='ltr'><strong>Suidae</strong></span> <span class='ocrx_word' id='word_1_173' title='bbox 468 4003 613 4082; x_wconf 80' lang='lat' dir='ltr'><strong>Lexico</strong></span> <span class='ocrx_word' id='word_1_174' title='bbox 646 4005 693 4080; x_wconf 84' lang='lat' dir='ltr'><strong>ad</strong></span> <span class='ocrx_word' id='word_1_175' title='bbox 723 4003 828 4082; x_wconf 80' lang='lat' dir='ltr'><strong>Iliad.</strong></span> <span class='ocrx_word' id='word_1_176' title='bbox 860 4009 896 4084; x_wconf 78' lang='grc' dir='ltr'><strong>λ.</strong></span> <span class='ocrx_word' id='word_1_177' title='bbox 928 4011 1076 4105; x_wconf 74' lang='grc'><strong>51854.</strong></span> <span class='ocrx_word' id='word_1_178' title='bbox 1115 4010 1165 4084; x_wconf 79' lang='lat' dir='ltr'><strong>ita</strong></span> <span class='ocrx_word' id='word_1_179' title='bbox 1199 4004 1312 4082; x_wconf 82' lang='lat' dir='ltr'><strong>disse·</strong></span> 
     </span>
    </p>
   </div>
   <div class='ocr_carea' id='block_1_6' title="bbox 0 0 1470 5150">
    <p class='ocr_par' dir='ltr' id='par_1_6' title="bbox 0 0 1470 5150">
     <span class='ocr_line' id='line_1_29' title="bbox 0 0 1470 5150; baseline 0 0"><span class='ocrx_word' id='word_1_180' title='bbox 0 0 1470 5150; x_wconf 95' lang='lat' dir='ltr'><strong> </strong></span> 
     </span>
    </p>
   </div>
  </div>
 </body>
</html>
