2904 5150
752 299 824 368 vui

289 483 463 574 nominis·
479 478 767 566 Grammaticum
785 481 1045 554 Aexonensem
1059 495 1146 580 ²th
1172 483 1296 557 minus

290 620 336 704 ab
372 619 441 692 illo
479 615 578 700 nihil
615 613 806 700 diversum
843 637 920 685 esse
964 641 1050 692 cum
1086 617 1296 692 Villoisono

290 756 503 846 credamus,
532 750 631 844 nihil
657 749 798 832 obstat:
829 769 1053 848 quamquem
1077 755 1151 827 hoe
1175 777 1310 867 nequet

290 859 488 980 affirmare,
530 911 666 984 neque
696 909 831 985 negare
868 888 1139 978 contenderim,
1182 916 1300 988 quum

288 1024 506 1126 praesertim
537 1023 569 1096 si
597 1047 699 1129 rem,
739 1046 851 1118 quam
876 1025 1104 1097 Aexonensis
1135 1027 1201 1098 ille
1232 1052 1299 1124 po·

291 1161 477 1254 tissimtun
501 1164 641 1256 scripto
667 1161 845 1264 tractarit,
874 1161 1077 1233 accuratius
1102 1162 1301 1249 examines,

292 1316 369 1392 tarn
396 1296 533 1370 diversi
567 1297 713 1395 generis
748 1296 870 1372 studia
899 1296 1068 1370 invenias
1098 1313 1301 1395 utrumque

291 1451 494 1533 sequutum
520 1451 617 1523 esse,
658 1459 752 1530 quae
784 1434 834 1524 in
858 1431 977 1505 eoden
1001 1433 1154 1508 homine
1179 1433 1302 1509 conci·

291 1568 378 1642 liari
403 1594 510 1664 posse
536 1569 614 1643 fere
639 1594 761 1668 neges.
812 1568 1043 1647 Aexonensis
1071 1569 1171 1642 euim
1195 1570 1302 1643 istius

278 1706 532 1812 (inanimatici
566 1704 684 1792 libro,
727 1705 795 1804 qui
830 1704 941 1780 variis
974 1705 1189 1780 nominibus
1223 1698 1305 1806 πεςὶ

292 1837 454 1914 Ἀττικῶν
480 1835 665 1933 ὀνομοίτων,1
690 1833 771 1940 uagi
795 1834 957 1912 'Arrrntiv
983 1837 1166 1936 γλωσσῶν,
1191 1838 1303 1915 ’Arn-

291 1967 354 2047 καὶ
378 1966 504 2068 φωναὶ,
529 1967 688 2050 'Arriani
713 1969 839 2079 λέξεις,
866 1967 947 2081 uagi
969 1966 1201 2055 παντοδαπῶν
1217 2001 1304 2078 xgr·

293 2103 434 2212 otuelus
455 2112 593 2211 passim
616 2111 799 2198 laudatur,
824 2113 972 2190 nonnisi
991 2139 1084 2209 quae
1109 2139 1219 2187 usum
1237 2113 1303 2186 do·

291 2250 507 2337 mesticum,
534 2250 771 2346 maximeque
798 2249 960 2326 culinam
987 2267 1192 2346 spectarent
1217 2275 1304 2322 con·

292 2400 392 2453 tenta
424 2384 537 2454 fuisse
572 2385 768 2471 videntur,
812 2404 993 2480 quantum
1033 2411 1055 2454 e
1088 2384 1304 2488 fragmentis

292 2509 391 2622 apud
415 2519 650 2597 Athenaeum
682 2521 814 2598 crebro
841 2518 962 2594 obviis
989 2515 1078 2595 lieet
1104 2519 1305 2591 coniicere:

293 2647 392 2729 v.'1.
426 2679 462 2751 p.
491 2680 550 2733 11.
583 2661 631 2730 D.
674 2679 708 2747 5.
739 2683 777 2754 p.
805 2659 865 2752 76.
897 2660 935 2727 F.
977 2679 1013 2750 p.
1043 2660 1127 2748 114.
1153 2657 1202 2723 D.
1249 2675 1305 2722 11.

292 2789 1304 2909 omnumermuumn

295 2931 352 3019 14.
388 2949 422 3021 p.
456 2929 541 3020 646.
574 2931 612 2997 C.
652 2951 688 3019 p.
722 2931 807 3012 652.
841 2929 885 2996 E.
951 2918 1145 3016 Quidquid
1180 2937 1304 2992 autem

292 3058 405 3129 huius
432 3059 652 3146 resiluerit,
691 3057 732 3129 id
758 3057 1074 3130 demonstratione
1104 3080 1212 3154 egere
1238 3057 1305 3130 vix

293 3191 527 3278 crediderim,
553 3212 746 3264 auctorem
763 3191 899 3265 Lexici
915 3192 1175 3290 technologici,
1202 3190 1304 3288 quod

293 3329 500 3406 recentiora
539 3331 719 3428 attingere
758 3341 928 3428 tempora
961 3327 1056 3400 infra
1087 3326 1301 3416 docebitur,

291 3482 468 3539 nentrum
501 3489 579 3536 esse
612 3490 740 3561 posse,
783 3464 1006 3564 quamquam
1042 3435 1174 3538 eorum
1207 3480 1303 3534 aetas

293 3617 458 3675 accurate
492 3597 642 3674 definiri
672 3600 787 3672 hodie
812 3625 888 3671 non
919 3619 1059 3698 potest,
1097 3599 1184 3683 nisi,
1202 3587 1304 3671 coee-

292 3759 384 3820 vum
411 3735 627 3810 ¹Alexandri
664 3741 722 3810 Μ.
760 3736 1019 3811 Philemonem
1061 3736 1172 3806 illum
1210 3733 1304 3804 velis

292 3893 378 3942 cum
416 3871 628 3946 Villoisono
672 3872 880 3975 adpellare,
937 3872 1042 3944 cuius
1086 3869 1303 3942 sententiam

290 4006 389 4075 iusto
421 4002 662 4080 fundamento
703 4027 887 4082 carentem
921 4005 1034 4082 video
1075 4031 1153 4083 non
1185 4005 1303 4104 mugit
