2904 5150
763 307 871 352 XXXX

256 591 259 596 Ι
317 515 378 566 me
402 482 569 572 habebit,
593 485 660 596 qui
685 483 934 582 fragmentum
959 487 1213 580 illudNostro
1230 494 1320 564 nin-

315 627 436 700 dicare
479 619 580 694 velit.
658 625 778 716 Quare
818 620 920 715 quod
960 647 1078 718 quum
1114 625 1320 727 Florentiae

315 754 497 840 versarer,
535 778 621 826 casu
645 755 870 844 invenerim,
901 758 978 835 ‚etsi
1003 757 1105 831 haud
1118 761 1248 834 ,multa
1273 785 1318 832 eo

314 898 521 992 fragmento
554 890 758 977 contineri,
800 916 894 987 quae
936 915 1013 961 non
1051 893 1143 966 alibi
1177 915 1319 969 consta·

254 1125 256 1132 Α
312 1049 414 1115 rent,
450 1025 568 1122 probe
593 1005 868 1126 intelligebam,
906 1044 1031 1101 tamen
1064 1054 1140 1101 non
1164 1036 1318 1126 potuis

312 1190 374 1240 me
413 1164 630 1259 impetrare,
671 1177 714 1232 ut
747 1184 899 1256 prorsus
933 1161 1189 1237 delitescere
1177 1193 1227 1239 m
1249 1191 1317 1238 suo

311 1300 470 1376 latibulo
510 1297 688 1382 sinerem,
729 1297 946 1396 praesertim
979 1323 1096 1396 quum
1131 1301 1183 1372 ei
1199 1302 1317 1374 inesse

313 1434 493 1533 quaedam
517 1432 695 1521 viderem,
722 1435 857 1530 quibus
883 1434 1067 1508 Moeridis
1095 1453 1132 1509 et
1150 1437 1317 1509 Thomae

311 1577 368 1648 M.
370 1570 448 1662 [de
480 1568 602 1641 Attica
633 1566 798 1666 dictione
833 1589 1041 1665 praecepta
1055 1572 1116 1642 vel
1156 1572 1317 1670 corrige·

311 1724 458 1794 rentur,
480 1705 561 1774 nel
593 1720 826 1802 augerentur.
897 1709 1069 1777 Servatur
1104 1707 1167 1778 hio
1198 1706 1316 1779 codex

311 1843 446 1917 litteris
480 1836 685 1913 admodum
717 1836 872 1910 minutis
913 1839 955 1910 in
995 1842 1118 1913 charta
1160 1843 1316 1915 minoris

310 1967 451 2052 formae
493 1974 669 2068 scriptus,
721 1973 762 2042 in
804 1972 1029 2048 bibliotheca
1070 1979 1317 2050 Laurentiano

206 2148 211 2162 ·
310 2130 524 2188 numeratus
552 2113 599 2181 X.
632 2109 753 2205 plutei
784 2115 1017 2196 Lxxxxl..
1059 2115 1215 2186 acuins
1248 2113 1314 2188 fol.
1371 2151 1372 2154 π

309 2239 372 2344 95.
396 2270 505 2322 verso
535 2269 611 2343 seq.
644 2243 730 2340 post
760 2246 831 2321 alia
864 2272 957 2344 quae
982 2247 1215 2321 Bandiniua*
1257 2251 1313 2322 in·

380 2520 395 2552 *
427 2515 580 2588 Ingratum
597 2507 727 2566 laborem
746 2510 824 2566 haud
842 2509 1081 2586 arbitratuasum
1101 2527 1150 2564 me
1168 2522 1317 2583 susceptu·

311 2635 396 2684 tum,
421 2616 447 2671 si
469 2613 503 2667 in
521 2627 686 2668 transcursu
703 2613 760 2668 alia
778 2613 868 2669 huius
887 2612 998 2668 codicis
1016 2625 1154 2668 contenta
1172 2631 1187 2666 a
1205 2609 1316 2664 Bendi-

311 2723 364 2777 nio
382 2715 584 2794 praetermissa
601 2715 651 2770 hic
669 2714 847 2772 adnotarem.
881 2712 998 2769 Ita‘fol.
1018 2724 1076 2784 141.
1096 2731 1153 2786 seq.
1175 2701 1315 2789 leguntur

310 2843 326 2880 e
343 2818 554 2896 Lycophronis
572 2817 729 2874 Cassandra
749 2833 852 2873 versus
877 2815 994 2890 aliquot
1010 2813 1045 2869 ab
1065 2815 1125 2871 166.
1143 2832 1211 2869 eum
1228 2813 1315 2869 uber·

310 2927 389 2981 rimo
408 2918 564 2978 scholiasta
586 2919 620 2983 in
636 2920 786 2997 mergine,
815 2937 890 2992 quos
907 2918 1037 2972 indicare
1058 2917 1220 2972 Bandiniua
1247 2917 1315 2971 ideo

311 3026 475 3105 neglexisse
499 3022 637 3090 videtur,
667 3021 749 3095 quod
769 3001 969 3093 inspriptione
993 3021 1027 3073 in
1051 3018 1152 3073 codiee
1178 3033 1315 3076 carerent.

312 3126 389 3185 Mox
400 3120 455 3181 tol.
470 3135 527 3198 175.
545 3127 660 3177 exstant
676 3121 886 3195 apospasmatia
904 3115 960 3175 tria
978 3141 993 3176 e
1010 3114 1183 3176 Philostrati
1202 3116 1236 3174 de
1254 3117 1315 3175 vite

312 3225 469 3304 Apollonii
493 3224 589 3296 Tyan.
612 3220 699 3276 libris
722 3222 874 3296 decerpta,
908 3221 987 3277 haud
1010 3223 1104 3298 magis
1126 3241 1141 3276 a
1165 3222 1314 3278 Bandinio

311 3329 478 3406 recognita,
495 3324 601 3380 itidem
618 3322 734 3378 indicio
753 3324 881 3379 auctoris
899 3337 928 3378 et
945 3325 1040 3397 operia
1059 3325 1201 3378 carentia:
1225 3325 1315 3378 nimi·

311 3451 378 3488 rum
397 3437 544 3499 e14,25.
567 3445 596 3500 p.
617 3426 676 3497 164.
714 3423 813 3482 Olear.
831 3444 906 3499 qnae
930 3427 964 3480 de
983 3427 1127 3502 Menippo
1145 3441 1315 3492 narrantur,

311 3531 345 3589 in
363 3532 425 3589 cod.
442 3525 489 3585 his
508 3549 523 3583 a
540 3522 660 3607 vulgata
677 3524 803 3584 diversis
820 3523 1008 3602 incipientia:
1037 3531 1172 3584 Μένιππος
1189 3530 1212 3593 ο·ι
1221 3523 1316 3585 Λύκιος

311 3630 439 3710 maignus
461 3621 488 3690 sis
503 3625 666 3700 Ἀπολλωνίῃ
683 3629 720 3700 τῇ
738 3628 847 3698 Tvaessi,
877 3626 919 3689 'irs
936 3628 982 3700 μὶν
1000 3625 1113 3697 *saperda
1130 3626 1203 3683 seim
1222 3626 1269 3681 nel
1288 3622 1316 3695 sl,

312 3732 417 3807 γνῶμης
437 3725 465 3786 ii
490 3728 582 3788 ἱκιιός
603 3727 667 3801 ’ἔχων
690 3746 743 3786 eto.
785 3729 886 3787 Altero
910 3750 948 3786 ex
971 3731 1103 3786 eiusdem
1125 3728 1198 3785 libri
1222 3731 1316 3804 capite

311 3834 500 3912 praecedente
522 3835 690 3889 continetur
714 3831 873 3889 historiola
895 3833 930 3887 de
951 3833 1040 3888 irrito
1065 3833 1195 3888 Neronia
1216 3831 1317 3888 labore

312 3936 458 3993 Isthmum
477 3933 703 3993 Corinthiacum
720 3934 925 4010 perfodiendi3
949 3927 1056 4001 tertio,
1080 3951 1154 4008 quae
1171 3929 1207 3989 de
1224 3932 1317 4009 Apol·

312 4039 393 4098 lonii
418 4037 607 4114 expeditione
628 4038 663 4095 in
684 4040 820 4116 Aegypto
844 4035 1040 4094 Philostratus
1068 4035 1174 4104 tradit,
1203 4055 1219 4092 a
1241 4035 1316 4093 libri
