2904 5150
727 324 859 376 XXXVl'

296 508 365 580 etsi
398 502 530 578 omissa
544 523 787 600 :magnopere
811 525 889 573 non
914 500 1127 594 desideret,-
1146 501 1199 581 ita
1224 501 1302 582 non

296 657 418 740 potest
443 638 528 712 fieri
554 638 782 733 quinetiam
808 639 886 710 eius
913 639 1056 736 generis
1082 642 1216 714 omissa
1241 639 1304 714 vel

297 776 491 854 commissa
530 771 573 846 ab
606 784 757 844 auctore
797 770 1158 860 animadvertantur,
1195 800 1304 872 ‘quae

298 935 415 1008 quum
446 907 648 980 sententiae
678 908 862 980 calculum
881 909 957 1008 ‘rel
988 907 1123 983 addant
1152 909 1214 980 vel
1240 908 1304 980 tle·

298 1063 435 1129 mant,·
463 1069 541 1114 non
584 1042 662 1114 sine
704 1041 899 1139 dispendio
935 1045 1056 1146 'operis
1087 1044 1313 1123 reticentur.-

300 1188 427 1276 Quare.
440 1203 533 1275 quae
558 1177 671 1250 huius
697 1179 844 1276 generis
869 1179 958 1252 licet
981 1180 1184 1253 minutiora
1209 1181 1307 1256 mihi

301 1342 339 1388 se
371 1315 543 1388 obtulere
574 1314 635 1386 vel
669 1311 835 1392 addenda
865 1314 928 1387 vel
957 1314 1202 1408 retractanda,
1244 1317 1309 1392 hio

182 1517 192 1550 .-
302 1452 518 1524 subnotavi:
1309 1443 1313 1460 ⁶

302 1591 340 1663 P.
375 1609 433 1680 ¹7·
488 1581 598 1680 Quod
627 1585 818 1684 plerisque
848 1605 948 1661 recte
977 1586 1106 1660 fecisse
1130 1585 1289 1660 videbor
1297 1555 1312 1675 ,Ι

254 1713 256 1718 ’
301 1739 345 1792 ut
370 1719 502 1794 Suidae
528 1708 595 1791 riti
620 1743 688 1815 pro
715 1704 775 1793 tin
801 1720 1051 1812 reddiderim,
1089 1724 1310 1796 mihi‘nuno

303 1855 478 1952 displicet
526 1877 720 1948 persuaso,
776 1855 823 1929 de
866 1858 1112 1931 Coniunctivo
1155 1877 1240 1956 post
1282 1857 1311 1929 el

303 2010 403 2063 recte
423 1989 555 2085 posito
589 1991 628 2062 in
660 1991 773 2061 huius
806 1996 950 2090 generis
977 1993 1216 2091 scriptoribus
1242 1993 1311 2066 du-

278 2122 499 2256 ?bitandum
524 2137 601 2196 n'on
628 2126 874 2224 essaritaque
899 2130 939 2201 in
956 2131 1178 2206 Philemone
1203 2127 1234 2224 §.
1251 2133 1312 2220 36.
1405 2169 1406 2173 =

287 2250 340 2358 'p
368 2268 451 2357 249.
473 2257 522 2332 ai
549 2255 611 2352 μὲν
643 2246 704 2330 olet
736 2265 890 2360 reliqui,
934 2285 1044 2364 atque
1073 2291 1221 2355 vereor,
1264 2289 1314 2337 ne

195 2383 198 2390 ⁶
306 2396 468 2467 editores
500 2394 547 2467 do
572 2397 642 2465 hac
673 2397 875 2489 particulae
911 2401 940 2467 εἴ
971 2419 1154 2471 structura
1183 2402 1313 2471 incon.

308 2531 441 2601 sultius
475 2553 594 2626 usque
628 2553 740 2623 quam
771 2531 895 2602 verius
926 2532 1134 2604 iudicarint.
1191 2535 1315 2625 Atque

274 2705 277 2711 ·
308 2665 419 2737 etiam
450 2662 720 2758 antiquioribus
747 2665 873 2737 aetatis
899 2693 920 2739 a
945 2667 1073 2767 lingua
1098 2663 1316 2759 purissimae

309 2798 549 2894 scriptoribus
580 2799 681 2870 hunc
707 2799 945 2875 Coniunctivi
970 2824 1181 2891 usumnon
1206 2822 1314 2894 posse

309 2961 386 3012 non
420 2933 571 3005 concedi
605 2934 754 3008 taudem
787 2935 1021 3020 intellectum
1048 2953 1119 3018 est,
1159 2937 1316 3032 ipsoque
1343 2967 1345 2971 ’

309 3076 526 3144 Hermanno
552 3070 598 3142 ad
613 3069 805 3162 Sophoclis
820 3071 971 3145 Aiacem
986 3079 1072 3166 491.
1098 3069 1317 3141 sententiam

311 3223 416 3278 antea
450 3208 489 3276 in
524 3203 609 3279 diss.
645 3204 690 3278 da
723 3209 933 3306 praeceptis
964 3205 1186 3302 quibusdam
1216 3205 1316 3276 Atti-

311 3341 488 3413 cistarum
519 3365 555 3434 p.
582 3344 682 3416 VIlI.
719 3364 792 3436 seq.
833 3326 1027 3436 prolatam
1050 3356 1237 3414 mutante:
1280 3366 1359 3413 v.=

316 3476 494 3548 Creuzeri
536 3453 821 3549 Meletematum
869 3475 951 3549 fasc.
991 3497 1025 3565 5.
1066 3500 1103 3571 p.
1142 3481 1201 3570 24
1243 3497 1318 3571 seq.

253 3642 255 3648 ·
313 3615 451 3681 Futuro
492 3609 608 3706 igitur
640 3613 831 3704 Sophoclis
872 3611 1007 3684 editori
1049 3613 1077 3679 ri
1107 3635 1176 3706 pro
1209 3591 1245 3691 tlt
1279 3612 1320 3684 itt

312 3744 403 3820 (led.
429 3749 473 3817 Τ.
503 3765 585 3834 199.
622 3749 706 3828 866.
740 3745 816 3819 Erf.
849 3746 1001 3822 iubente
1031 3745 1114 3840 ipso
1147 3745 1321 3817 codicum

312 3903 492 3951 consensu
510 3851 801 3957 ‘restituendum'
826 3882 907 3954 erit.
958 3880 1162 3952 Fatendum
1194 3897 1321 3955 tamen

308 4016 364 4089 rei
399 4000 553 4118 penitus
572 4013 834 4096 absolvendae
875 4018 987 4096 etiam
1028 4017 1188 4095 acutiori
1219 4039 1322 4092 reeo-
