2904 5150
765 311 860 364 xm

312 493 452 570 ordine.
502 491 674 589 Denique
700 491 832 564 attinet
857 491 1022 588 proferre
1046 493 1174 567 Photii
1189 494 1316 570 „Lexi-

310 657 397 719 eon,
438 630 480 701 in
518 627 595 725 quo
636 627 856 701 litterarum.
878 653 953 700 non
993 630 1109 727 magis
1149 649 1318 704 sen-atto·

309 766 416 853 erdo,
442 787 665 864 quamquam
690 765 730 836 in
755 764 949 861 prooemio
974 789 1010 860 p.
1028 767 1073 841 ’6.
1100 785 1229 838 auctor
1252 761 1316 849 asia

307 895 516 999 ι’ναγςαφῆν
552 891 649 971 κατεῖ
682 899 853 991 στοιχεῖον
887 924 927 971 se
959 898 1087 974 fecisse
1118 898 1316 1000 signifieat.

307 1035 404 1113 Vide
429 1038 538 1110 etiem
563 1033 666 1106 eliud
690 1035 818 1109 Photii
842 1036 1004 1108 lexicon
1019 1031 1115 1108 enen
1140 1043 1316 1128 στοιχεῖον

307 1171 445 1248 facmm
471 1169 745 1266 post'Etymol.
772 1170 872 1244 Gud'
892 1169 1034 1246 editum
1059 1197 1095 1267 p.
1113 1188 1210 1262 595„
1235 1198 1316 1243 non
1433 1147 1434 1222 ]

308 1309 423 1405 magis
448 1306 496 1379 ad
513 1304 683 1379 ordinem
698 1305 882 1402 alphabeti
900 1307 1133 1403 dispositum
1146 1305 1195 1378 'et
1213 1307 1316 1378 Tho-

308 1467 390 1517 mae
421 1437 484 1515 toti
516 1428 713 1541 μαγῖστςου
752 1443 850 1529 κατ’
888 1433 1108 1534 α’λφοίβητόν
1142 1431 1315 1532 ὀνομάτων

307 1572 468 1652 ’Artemis
500 1565 668 1669 ἐκλογάς.
723 1582 775 1650 At
807 1576 882 1649 iam
914 1579 1003 1649 satis.
1036 1563 1315 1671 exemplorum,
1407 1575 1409 1580 ’

307 1735 471 1811 quorum
519 1735 602 1808 pars
652 1706 851 1789 suffecerit.
926 1713 1155 1786 Lexioorum
1195 1711 1315 1810 igitur

307 1854 532 1923 Graecorum
576 1849 894 1945 disponendorum
934 1847 1030 1919 ratio
1072 1848 1105 1919 si
1147 1851 1217 1937 ita,
1267 1867 1316 1922 ut

306 1985 404 2069 dixi,
430 1983 529 2080 apud
554 2003 694 2059 veteres
720 1985 820 2078 ipsos
845 1982 993 2067 habuit,
1025 1983 1108 2056 iure
1132 1985 1162 2055 ii
1186 2009 1314 2081 repre·
1384 2082 1386 2086 ι

304 2119 420 2193 hendi
445 2119 637 2205 videntur,
680 2119 746 2216 qui
777 2119 818 2192 in
849 2116 1001 2192 edendis
1027 2119 1178 2193 Lexieis
1210 2144 1314 2194 com·

303 2253 419 2328 modo
444 2256 630 2328 lentorum
654 2254 789 2353 magis,
823 2279 934 2351 quam
960 2272 1130 2331 veterum
1157 2255 1314 2351 scripto·

302 2414 388 2460 rum
419 2388 621 2462 memoriae
646 2388 948 2485 prospiciendum
979 2412 1057 2462 ease
1082 2387 1314 2474 arbitrantes,

304 2523 483 2598 voeabula
514 2541 619 2598 extra
653 2524 847 2619 vulgarem
873 2521 1061 2617 alphabeti
1086 2523 1220 2593 seriem
1245 2543 1314 2614 po·

303 2661 370 2730 sita
405 2662 503 2730 iusto
542 2683 610 2730 suo
648 2658 736 2729 loco
772 2655 961 2729 vindicare
997 2655 1228 2743 studuerint,
1270 2651 1313 2726 id

304 2792 406 2888 quod
430 2794 471 2864 in
496 2792 789 2888 Hatpocratione
813 2790 1047 2878 Blaneardus,
1071 2792 1111 2864 in
1136 2786 1312 2861 Moeride

302 2927 507 3002 Hudsonus
538 2927 721 3014 fecerunt,
759 2951 844 3001 oum
871 2927 917 2999 ab
943 2927 1045 3011 aliis,
1076 2945 1160 3000 tum
1185 2950 1205 2997 a
1230 2924 1312 2994 Vil-

302 3064 447 3137 leisono
471 3062 592 3134 notati
616 3061 662 3142 ad
679 3063 854 3156 Apollon.
870 3067 965 3135 Lex.
980 3066 1095 3136 Hom.
1120 3086 1155 3156 p.
1173 3064 1311 3136 xLut
1432 3143 1433 3150 ἵ

203 3252 209 3263 .
303 3199 384 3269 Nos
410 3199 529 3296 igitur
551 3200 592 3270 in
614 3197 836 3270 Philemone
861 3197 1034 3273 ordinem
1059 3195 1263 3273 verborum
1286 3217 1311 3266 ο
1432 3255 1433 3272 t

304 3334 441 3410 Codice
465 3330 631 3408 fideliter
655 3331 889 3410 reddendum
914 3333 1026 3409 satius
1052 3330 1244 3409 duximus.
