<?xml version="1.0" encoding="UTF-8"?>
<!DOCTYPE html PUBLIC "-//W3C//DTD XHTML 1.0 Transitional//EN"
    "http://www.w3.org/TR/xhtml1/DTD/xhtml1-transitional.dtd">
<html xmlns="http://www.w3.org/1999/xhtml" xml:lang="en" lang="en">
 <head>
  <title>
</title>
<meta http-equiv="Content-Type" content="text/html;charset=utf-8" />
  <meta name='ocr-system' content='tesseract 3.04.00' />
  <meta name='ocr-capabilities' content='ocr_page ocr_carea ocr_par ocr_line ocrx_word'/>
</head>
<body>
  <div class='ocr_page' id='page_1' title='image "./philemonisgramm00diasgoog_0346.png"; bbox 0 0 2912 5136; ppageno 0'>
   <div class='ocr_carea' id='block_1_1' title="bbox 778 265 855 354">
    <p class='ocr_par' dir='ltr' id='par_1_1' title="bbox 778 265 855 354">
     <span class='ocr_line' id='line_1_1' title="bbox 778 265 855 354; baseline 0.078 -6"><span class='ocrx_word' id='word_1_1' title='bbox 778 265 855 354; x_wconf 71' lang='lat'><strong>514</strong></span> 
     </span>
    </p>
   </div>
   <div class='ocr_carea' id='block_1_2' title="bbox 304 463 1320 1920">
    <p class='ocr_par' dir='ltr' id='par_1_2' title="bbox 315 463 1320 563">
     <span class='ocr_line' id='line_1_2' title="bbox 315 463 1320 563; baseline -0.002 -26"><span class='ocrx_word' id='word_1_2' title='bbox 315 463 482 554; x_wconf 75' lang='lat' dir='ltr'><strong>Etymol.</strong></span> <span class='ocrx_word' id='word_1_3' title='bbox 508 463 561 534; x_wconf 91' lang='lat' dir='ltr'><strong>M.</strong></span> <span class='ocrx_word' id='word_1_4' title='bbox 587 486 622 558; x_wconf 91' lang='lat' dir='ltr'><strong>p.</strong></span> <span class='ocrx_word' id='word_1_5' title='bbox 650 468 796 558; x_wconf 73' lang='lat'>540,45,</span> <span class='ocrx_word' id='word_1_6' title='bbox 823 463 959 563; x_wconf 80' lang='lat' dir='ltr'><strong>corrigi</strong></span> <span class='ocrx_word' id='word_1_7' title='bbox 985 463 1184 552; x_wconf 76' lang='lat' dir='ltr'><strong>debuisset,</strong></span> <span class='ocrx_word' id='word_1_8' title='bbox 1210 464 1320 542; x_wconf 70' lang='lat' dir='ltr'><strong>‘bibo&#39;-</strong></span> 
     </span>
    </p>

    <p class='ocr_par' dir='ltr' id='par_1_3' title="bbox 304 587 1320 1920">
     <span class='ocr_line' id='line_1_3' title="bbox 314 587 1319 699; baseline 0.005 -28"><span class='ocrx_word' id='word_1_9' title='bbox 314 595 410 699; x_wconf 72' lang='grc' dir='ltr'><strong><em>ξενος</em></strong></span> <span class='ocrx_word' id='word_1_10' title='bbox 444 597 478 671; x_wconf 83' lang='grc' dir='ltr'><strong>ἐν</strong></span> <span class='ocrx_word' id='word_1_11' title='bbox 510 596 560 686; x_wconf 72' lang='grc' dir='ltr'><strong>τῷ</strong></span> <span class='ocrx_word' id='word_1_12' title='bbox 594 590 672 696; x_wconf 65' lang='grc' dir='ltr'><strong>περὶ</strong></span> <span class='ocrx_word' id='word_1_13' title='bbox 703 587 810 676; x_wconf 67' lang='lat' dir='ltr'><strong>&#39;lailot</strong></span> <span class='ocrx_word' id='word_1_14' title='bbox 841 588 1033 679; x_wconf 71' lang='grc' dir='ltr'><strong><em>διαλέκτου.</em></strong></span> <span class='ocrx_word' id='word_1_15' title='bbox 1086 605 1216 678; x_wconf 89' lang='lat' dir='ltr'><strong>Alium</strong></span> <span class='ocrx_word' id='word_1_16' title='bbox 1245 613 1319 680; x_wconf 88' lang='lat' dir='ltr'><strong>Zo-</strong></span> 
     </span>
     <span class='ocr_line' id='line_1_4' title="bbox 312 724 1317 834; baseline 0.004 -28"><span class='ocrx_word' id='word_1_17' title='bbox 312 761 420 814; x_wconf 78' lang='lat' dir='ltr'><strong>narae</strong></span> <span class='ocrx_word' id='word_1_18' title='bbox 446 737 570 808; x_wconf 87' lang='lat' dir='ltr'><strong>locum</strong></span> <span class='ocrx_word' id='word_1_19' title='bbox 597 762 632 806; x_wconf 92' lang='lat' dir='ltr'><strong>v.</strong></span> <span class='ocrx_word' id='word_1_20' title='bbox 658 724 788 834; x_wconf 68' lang='grc' dir='ltr'><em>ἐξξωδῶ</em></span> <span class='ocrx_word' id='word_1_21' title='bbox 813 740 858 812; x_wconf 91' lang='grc' dir='ltr'><strong>Τ.</strong></span> <span class='ocrx_word' id='word_1_22' title='bbox 888 757 919 810; x_wconf 78' lang='lat' dir='ltr'><strong>u.</strong></span> <span class='ocrx_word' id='word_1_23' title='bbox 946 763 980 832; x_wconf 90' lang='lat' dir='ltr'><strong>p.</strong></span> <span class='ocrx_word' id='word_1_24' title='bbox 1010 744 1117 834; x_wconf 73' lang='lat'><strong>1472.</strong></span> <span class='ocrx_word' id='word_1_25' title='bbox 1144 741 1317 818; x_wconf 81' lang='lat' dir='ltr'><strong>similiter</strong></span> 
     </span>
     <span class='ocr_line' id='line_1_5' title="bbox 309 870 1316 968; baseline 0.001 -23"><span class='ocrx_word' id='word_1_26' title='bbox 309 873 549 956; x_wconf 80' lang='lat' dir='ltr'><strong>mendosum,</strong></span> <span class='ocrx_word' id='word_1_27' title='bbox 569 872 716 944; x_wconf 75' lang='lat' dir='ltr'><strong>,eodem</strong></span> <span class='ocrx_word' id='word_1_28' title='bbox 743 897 763 940; x_wconf 89' lang='lat' dir='ltr'><strong>e</strong></span> <span class='ocrx_word' id='word_1_29' title='bbox 784 870 891 958; x_wconf 75' lang='lat' dir='ltr'><strong>tonte</strong></span> <span class='ocrx_word' id='word_1_30' title='bbox 917 898 951 966; x_wconf 92' lang='lat' dir='ltr'><strong>p.</strong></span> <span class='ocrx_word' id='word_1_31' title='bbox 979 877 1126 968; x_wconf 73' lang='lat'><strong>653,45.</strong></span> <span class='ocrx_word' id='word_1_32' title='bbox 1142 877 1316 953; x_wconf 61' lang='lat' dir='ltr'><strong>innume.</strong></span> 
     </span>
     <span class='ocr_line' id='line_1_6' title="bbox 308 1007 1314 1106; baseline 0.007 -28"><span class='ocrx_word' id='word_1_33' title='bbox 308 1011 481 1103; x_wconf 83' lang='lat' dir='ltr'><strong>Denique</strong></span> <span class='ocrx_word' id='word_1_34' title='bbox 513 1011 543 1079; x_wconf 90' lang='lat' dir='ltr'><strong>si</strong></span> <span class='ocrx_word' id='word_1_35' title='bbox 571 1009 653 1106; x_wconf 84' lang='lat' dir='ltr'><strong>quis</strong></span> <span class='ocrx_word' id='word_1_36' title='bbox 679 1009 726 1078; x_wconf 91' lang='lat' dir='ltr'><strong>de</strong></span> <span class='ocrx_word' id='word_1_37' title='bbox 760 1007 880 1078; x_wconf 81' lang='lat' dir='ltr'><strong>libelli</strong></span> <span class='ocrx_word' id='word_1_38' title='bbox 914 1028 1063 1079; x_wconf 87' lang='lat' dir='ltr'><strong>auctore</strong></span> <span class='ocrx_word' id='word_1_39' title='bbox 1100 1010 1314 1086; x_wconf 84' lang='lat' dir='ltr'><strong>adhucdu-</strong></span> 
     </span>
     <span class='ocr_line' id='line_1_7' title="bbox 308 1139 1314 1241; baseline 0.007 -25"><span class='ocrx_word' id='word_1_40' title='bbox 308 1139 421 1228; x_wconf 87' lang='lat' dir='ltr'><strong>bitet,</strong></span> <span class='ocrx_word' id='word_1_41' title='bbox 459 1143 581 1226; x_wconf 81' lang='lat' dir='ltr'><strong>adeat.</strong></span> <span class='ocrx_word' id='word_1_42' title='bbox 618 1169 772 1240; x_wconf 85' lang='lat' dir='ltr'><strong>quaeso,</strong></span> <span class='ocrx_word' id='word_1_43' title='bbox 811 1145 1064 1241; x_wconf 81' lang='lat' dir='ltr'><strong>Etymologici</strong></span> <span class='ocrx_word' id='word_1_44' title='bbox 1091 1150 1173 1222; x_wconf 88' lang='lat' dir='ltr'><strong>MS.</strong></span> <span class='ocrx_word' id='word_1_45' title='bbox 1200 1147 1314 1223; x_wconf 85' lang='lat' dir='ltr'><strong>Paris.</strong></span> 
     </span>
     <span class='ocr_line' id='line_1_8' title="bbox 306 1278 1313 1378; baseline 0 -24"><span class='ocrx_word' id='word_1_46' title='bbox 306 1280 435 1378; x_wconf 79' lang='lat' dir='ltr'><strong>fragm.</strong></span> <span class='ocrx_word' id='word_1_47' title='bbox 466 1305 486 1351; x_wconf 83' lang='lat' dir='ltr'><strong>e</strong></span> <span class='ocrx_word' id='word_1_48' title='bbox 519 1282 641 1376; x_wconf 66' lang='lat' dir='ltr'><strong>Baetin</strong></span> <span class='ocrx_word' id='word_1_49' title='bbox 680 1278 725 1350; x_wconf 86' lang='lat' dir='ltr'><strong>ad</strong></span> <span class='ocrx_word' id='word_1_50' title='bbox 758 1283 912 1376; x_wconf 83' lang='lat' dir='ltr'><strong>Gregor.</strong></span> <span class='ocrx_word' id='word_1_51' title='bbox 954 1306 990 1375; x_wconf 89' lang='lat' dir='ltr'><strong>p.</strong></span> <span class='ocrx_word' id='word_1_52' title='bbox 1022 1303 1108 1370; x_wconf 91' lang='lat'><strong>901.</strong></span> <span class='ocrx_word' id='word_1_53' title='bbox 1127 1333 1129 1338; x_wconf 76' lang='lat'><strong>.</strong></span> <span class='ocrx_word' id='word_1_54' title='bbox 1149 1281 1313 1368; x_wconf 85' lang='lat' dir='ltr'><strong>editum,</strong></span> 
     </span>
     <span class='ocr_line' id='line_1_9' title="bbox 307 1415 1314 1512; baseline 0.002 -25"><span class='ocrx_word' id='word_1_55' title='bbox 307 1440 476 1488; x_wconf 88' lang='lat' dir='ltr'><strong>necnon</strong></span> <span class='ocrx_word' id='word_1_56' title='bbox 503 1415 649 1488; x_wconf 84' lang='lat' dir='ltr'>Orionis</span> <span class='ocrx_word' id='word_1_57' title='bbox 676 1416 993 1512; x_wconf 81' lang='lat' dir='ltr'><strong>Etymologicum,</strong></span> <span class='ocrx_word' id='word_1_58' title='bbox 1018 1416 1085 1487; x_wconf 89' lang='lat' dir='ltr'><strong>ubi</strong></span> <span class='ocrx_word' id='word_1_59' title='bbox 1111 1418 1314 1490; x_wconf 79' lang='lat' dir='ltr'><strong>Philoxeni</strong></span> 
     </span>
     <span class='ocr_line' id='line_1_10' title="bbox 305 1549 1320 1626; baseline -0.002 -4"><span class='ocrx_word' id='word_1_60' title='bbox 305 1551 458 1622; x_wconf 87' lang='lat' dir='ltr'><strong>nomine</strong></span> <span class='ocrx_word' id='word_1_61' title='bbox 491 1551 593 1622; x_wconf 90' lang='lat' dir='ltr'><strong>bunc</strong></span> <span class='ocrx_word' id='word_1_62' title='bbox 624 1551 672 1624; x_wconf 88' lang='lat' dir='ltr'><strong>de</strong></span> <span class='ocrx_word' id='word_1_63' title='bbox 705 1549 869 1624; x_wconf 78' lang='lat' dir='ltr'><strong>dialectis</strong></span> <span class='ocrx_word' id='word_1_64' title='bbox 904 1552 1076 1626; x_wconf 86' lang='lat' dir='ltr'><strong>libellum</strong></span> <span class='ocrx_word' id='word_1_65' title='bbox 1107 1553 1236 1626; x_wconf 89' lang='lat' dir='ltr'><strong>novies</strong></span> <span class='ocrx_word' id='word_1_66' title='bbox 1258 1554 1320 1624; x_wconf 84' lang='lat' dir='ltr'><strong>ci·.</strong></span> 
     </span>
     <span class='ocr_line' id='line_1_11' title="bbox 305 1686 1313 1784; baseline 0.003 -25"><span class='ocrx_word' id='word_1_67' title='bbox 305 1687 377 1759; x_wconf 83' lang='lat' dir='ltr'><strong>tari</strong></span> <span class='ocrx_word' id='word_1_68' title='bbox 402 1687 584 1772; x_wconf 85' lang='lat' dir='ltr'><strong>inveniet,</strong></span> <span class='ocrx_word' id='word_1_69' title='bbox 610 1712 704 1784; x_wconf 81' lang='lat' dir='ltr'><strong>quae</strong></span> <span class='ocrx_word' id='word_1_70' title='bbox 728 1686 810 1758; x_wconf 84' lang='lat' dir='ltr'><strong>loca</strong></span> <span class='ocrx_word' id='word_1_71' title='bbox 832 1686 963 1758; x_wconf 81' lang='lat' dir='ltr'><strong>taedet</strong></span> <span class='ocrx_word' id='word_1_72' title='bbox 994 1705 1143 1759; x_wconf 81' lang='lat' dir='ltr'><strong>enotare</strong></span> <span class='ocrx_word' id='word_1_73' title='bbox 1167 1703 1313 1783; x_wconf 75' lang='lat' dir='ltr'><strong>praeter</strong></span> 
     </span>
     <span class='ocr_line' id='line_1_12' title="bbox 304 1811 1311 1920; baseline -0.004 -26"><span class='ocrx_word' id='word_1_74' title='bbox 304 1849 423 1896; x_wconf 89' lang='lat' dir='ltr'><strong>unum</strong></span> <span class='ocrx_word' id='word_1_75' title='bbox 454 1847 490 1916; x_wconf 66' lang='grc' dir='ltr'><strong>μ</strong></span> <span class='ocrx_word' id='word_1_76' title='bbox 527 1825 690 1912; x_wconf 76' lang='lat'><strong>166‚29.‚</strong></span> <span class='ocrx_word' id='word_1_77' title='bbox 727 1821 795 1892; x_wconf 89' lang='lat' dir='ltr'><strong>ubi</strong></span> <span class='ocrx_word' id='word_1_78' title='bbox 813 1824 1034 1900; x_wconf 77' lang='lat' dir='ltr'><strong>‚Larcherus</strong></span> <span class='ocrx_word' id='word_1_79' title='bbox 1066 1811 1213 1902; x_wconf 69' lang='grc' dir='ltr'><strong>Ἰλιάδος</strong></span> <span class='ocrx_word' id='word_1_80' title='bbox 1241 1848 1311 1920; x_wconf 82' lang='lat' dir='ltr'><strong>pro</strong></span> 
     </span>
    </p>
   </div>
   <div class='ocr_carea' id='block_1_3' title="bbox 303 1948 1249 2036">
    <p class='ocr_par' dir='ltr' id='par_1_4' title="bbox 303 1948 1249 2036">
     <span class='ocr_line' id='line_1_13' title="bbox 303 1948 1249 2036; baseline 0.003 -7"><span class='ocrx_word' id='word_1_81' title='bbox 303 1948 411 2036; x_wconf 73' lang='grc' dir='ltr'>Ἰάδος</span> <span class='ocrx_word' id='word_1_82' title='bbox 436 1957 671 2029; x_wconf 80' lang='lat' dir='ltr'><strong>scribendum</strong></span> <span class='ocrx_word' id='word_1_83' title='bbox 698 1981 776 2028; x_wconf 82' lang='lat' dir='ltr'><strong>esse</strong></span> <span class='ocrx_word' id='word_1_84' title='bbox 792 1957 1012 2029; x_wconf 47' lang='lat' dir='ltr'><strong>*inconsulto</strong></span> <span class='ocrx_word' id='word_1_85' title='bbox 1039 1975 1249 2032; x_wconf 77' lang='lat' dir='ltr'><strong>monuerat.</strong></span> 
     </span>
    </p>
   </div>
   <div class='ocr_carea' id='block_1_4' title="bbox 326 2089 1433 2176">
    <p class='ocr_par' dir='ltr' id='par_1_5' title="bbox 326 2089 1433 2176">
     <span class='ocr_line' id='line_1_14' title="bbox 326 2089 1433 2176; baseline 0.007 -15"><span class='ocrx_word' id='word_1_86' title='bbox 326 2124 330 2136; x_wconf 62' lang='lat'><em>¹</em></span> <span class='ocrx_word' id='word_1_87' title='bbox 405 2098 458 2164; x_wconf 91' lang='lat' dir='ltr'><strong>Ut</strong></span> <span class='ocrx_word' id='word_1_88' title='bbox 475 2109 579 2164; x_wconf 80' lang='lat' dir='ltr'><strong>acute</strong></span> <span class='ocrx_word' id='word_1_89' title='bbox 604 2090 715 2162; x_wconf 87' lang='lat' dir='ltr'><strong>illum</strong></span> <span class='ocrx_word' id='word_1_90' title='bbox 733 2089 906 2162; x_wconf 88' lang='lat' dir='ltr'><strong>libellum</strong></span> <span class='ocrx_word' id='word_1_91' title='bbox 923 2092 1101 2176; x_wconf 87' lang='lat' dir='ltr'><strong>Koenius‚</strong></span> <span class='ocrx_word' id='word_1_92' title='bbox 1126 2094 1178 2164; x_wconf 88' lang='lat' dir='ltr'><strong>ita</strong></span> <span class='ocrx_word' id='word_1_93' title='bbox 1194 2094 1310 2169; x_wconf 84' lang='lat' dir='ltr'><strong>etiam</strong></span> <span class='ocrx_word' id='word_1_94' title='bbox 1432 2161 1433 2168; x_wconf 74' lang='grc'>,</span> 
     </span>
    </p>
   </div>
   <div class='ocr_carea' id='block_1_5' title="bbox 304 2212 1310 2322">
    <p class='ocr_par' dir='ltr' id='par_1_6' title="bbox 304 2212 1310 2322">
     <span class='ocr_line' id='line_1_15' title="bbox 304 2212 1310 2322; baseline -0.004 -18"><span class='ocrx_word' id='word_1_95' title='bbox 304 2231 421 2304; x_wconf 83' lang='lat' dir='ltr'><strong>alium</strong></span> <span class='ocrx_word' id='word_1_96' title='bbox 437 2229 517 2322; x_wconf 65' lang='grc' dir='ltr'><strong>περ)</strong></span> <span class='ocrx_word' id='word_1_97' title='bbox 529 2220 702 2317; x_wconf 68' lang='grc' dir='ltr'><strong>,Ῥωμαίων</strong></span> <span class='ocrx_word' id='word_1_98' title='bbox 720 2212 1126 2302; x_wconf 65' lang='lat' dir='ltr'><strong>itabitttuilhiloxeno</strong></span> <span class='ocrx_word' id='word_1_99' title='bbox 1144 2227 1310 2300; x_wconf 81' lang='lat' dir='ltr'><strong>tribuen-</strong></span> 
     </span>
    </p>
   </div>
   <div class='ocr_carea' id='block_1_6' title="bbox 302 2343 1433 2458">
    <p class='ocr_par' dir='ltr' id='par_1_7' title="bbox 302 2343 1433 2458">
     <span class='ocr_line' id='line_1_16' title="bbox 302 2343 1433 2458; baseline -0.004 -22"><span class='ocrx_word' id='word_1_100' title='bbox 302 2365 395 2440; x_wconf 85' lang='lat' dir='ltr'><strong>dum</strong></span> <span class='ocrx_word' id='word_1_101' title='bbox 421 2388 499 2434; x_wconf 80' lang='lat' dir='ltr'><strong>esse</strong></span> <span class='ocrx_word' id='word_1_102' title='bbox 520 2361 687 2458; x_wconf 47' lang='lat' dir='ltr'><strong>*pervidit</strong></span> <span class='ocrx_word' id='word_1_103' title='bbox 712 2359 812 2434; x_wconf 83' lang='lat' dir='ltr'><strong>idem</strong></span> <span class='ocrx_word' id='word_1_104' title='bbox 836 2362 868 2434; x_wconf 84' lang='lat' dir='ltr'><strong>.l.</strong></span> <span class='ocrx_word' id='word_1_105' title='bbox 897 2386 925 2436; x_wconf 84' lang='lat' dir='ltr'><strong>o.</strong></span> <span class='ocrx_word' id='word_1_106' title='bbox 955 2385 992 2456; x_wconf 78' lang='lat' dir='ltr'><strong>p.</strong></span> <span class='ocrx_word' id='word_1_107' title='bbox 1020 2367 1161 2456; x_wconf 86' lang='lat' dir='ltr'><strong>xvl1.;</strong></span> <span class='ocrx_word' id='word_1_108' title='bbox 1201 2366 1308 2438; x_wconf 75' lang='lat' dir='ltr'><strong>ouius</strong></span> <span class='ocrx_word' id='word_1_109' title='bbox 1432 2343 1433 2376; x_wconf 53' lang='lat'>¹</span> 
     </span>
    </p>
   </div>
   <div class='ocr_carea' id='block_1_7' title="bbox 199 2495 1317 4082">
    <p class='ocr_par' dir='ltr' id='par_1_8' title="bbox 199 2495 1432 4082">
     <span class='ocr_line' id='line_1_17' title="bbox 302 2495 1310 2594; baseline 0.002 -22"><span class='ocrx_word' id='word_1_110' title='bbox 302 2499 541 2572; x_wconf 73' lang='lat' dir='ltr'><strong>timiditatem</strong></span> <span class='ocrx_word' id='word_1_111' title='bbox 564 2495 700 2582; x_wconf 84' lang='lat' dir='ltr'><strong>miror,</strong></span> <span class='ocrx_word' id='word_1_112' title='bbox 741 2497 842 2589; x_wconf 84' lang='lat' dir='ltr'>qnod</span> <span class='ocrx_word' id='word_1_113' title='bbox 864 2521 990 2594; x_wconf 77' lang='lat' dir='ltr'><strong>quum,</strong></span> <span class='ocrx_word' id='word_1_114' title='bbox 1011 2497 1112 2572; x_wconf 86' lang='lat' dir='ltr'><strong>bunc</strong></span> <span class='ocrx_word' id='word_1_115' title='bbox 1136 2499 1310 2574; x_wconf 83' lang='lat' dir='ltr'><strong>libellum</strong></span> 
     </span>
     <span class='ocr_line' id='line_1_18' title="bbox 199 2614 1308 2739; baseline 0.002 -35"><span class='ocrx_word' id='word_1_116' title='bbox 199 2614 202 2622; x_wconf 77' lang='lat'><em>,</em></span> <span class='ocrx_word' id='word_1_117' title='bbox 302 2636 438 2731; x_wconf 82' lang='lat' dir='ltr'><strong>passim</strong></span> <span class='ocrx_word' id='word_1_118' title='bbox 463 2630 652 2716; x_wconf 84' lang='lat' dir='ltr'><strong>Philonis,</strong></span> <span class='ocrx_word' id='word_1_119' title='bbox 688 2630 824 2722; x_wconf 83' lang='lat' dir='ltr'><strong>passim</strong></span> <span class='ocrx_word' id='word_1_120' title='bbox 847 2631 1060 2706; x_wconf 78' lang='lat' dir='ltr'><strong>Philonidis</strong></span> <span class='ocrx_word' id='word_1_121' title='bbox 1091 2636 1236 2708; x_wconf 84' lang='lat' dir='ltr'><strong>nomini</strong></span> <span class='ocrx_word' id='word_1_122' title='bbox 1269 2637 1308 2739; x_wconf 78' lang='lat' dir='ltr'><strong>in</strong></span> 
     </span>
     <span class='ocr_line' id='line_1_19' title="bbox 302 2764 1309 2856; baseline -0.004 -14"><span class='ocrx_word' id='word_1_123' title='bbox 302 2773 410 2845; x_wconf 80' lang='lat' dir='ltr'>Mss,</span> <span class='ocrx_word' id='word_1_124' title='bbox 441 2764 599 2840; x_wconf 77' lang='lat' dir='ltr'><strong>adscribi</strong></span> <span class='ocrx_word' id='word_1_125' title='bbox 625 2764 947 2851; x_wconf 84' lang='lat' dir='ltr'><strong>animadverteret,</strong></span> <span class='ocrx_word' id='word_1_126' title='bbox 986 2768 1032 2840; x_wconf 89' lang='lat' dir='ltr'><strong>ad</strong></span> <span class='ocrx_word' id='word_1_127' title='bbox 1058 2771 1309 2856; x_wconf 80' lang='lat' dir='ltr'><strong>coniecturam</strong></span> 
     </span>
     <span class='ocr_line' id='line_1_20' title="bbox 302 2898 1308 3000; baseline -0.002 -22"><span class='ocrx_word' id='word_1_128' title='bbox 302 2903 350 2978; x_wconf 89' lang='lat' dir='ltr'><strong>de</strong></span> <span class='ocrx_word' id='word_1_129' title='bbox 376 2903 525 3000; x_wconf 76' lang='lat' dir='ltr'><strong>duplice</strong></span> <span class='ocrx_word' id='word_1_130' title='bbox 550 2898 716 2973; x_wconf 83' lang='lat' dir='ltr'><strong>eiusdem</strong></span> <span class='ocrx_word' id='word_1_131' title='bbox 740 2902 817 2972; x_wconf 80' lang='lat' dir='ltr'><strong>‚viri</strong></span> <span class='ocrx_word' id='word_1_132' title='bbox 842 2902 996 2974; x_wconf 86' lang='lat' dir='ltr'><strong>nomine</strong></span> <span class='ocrx_word' id='word_1_133' title='bbox 1021 2907 1308 2978; x_wconf 80' lang='lat' dir='ltr'><strong>malueritoon·</strong></span> 
     </span>
     <span class='ocr_line' id='line_1_21' title="bbox 299 3038 1317 3139; baseline 0.002 -29"><span class='ocrx_word' id='word_1_134' title='bbox 299 3043 448 3139; x_wconf 75' lang='lat' dir='ltr'><strong>lugere,</strong></span> <span class='ocrx_word' id='word_1_135' title='bbox 485 3062 597 3136; x_wconf 84' lang='lat' dir='ltr'><strong>quam</strong></span> <span class='ocrx_word' id='word_1_136' title='bbox 623 3059 681 3106; x_wconf 88' lang='lat' dir='ltr'><strong>eas</strong></span> <span class='ocrx_word' id='word_1_137' title='bbox 707 3038 920 3128; x_wconf 67' lang='lat' dir='ltr'><strong>scriptume,</strong></span> <span class='ocrx_word' id='word_1_138' title='bbox 951 3039 1087 3134; x_wconf 82' lang='lat' dir='ltr'><strong>quibus</strong></span> <span class='ocrx_word' id='word_1_139' title='bbox 1111 3040 1317 3116; x_wconf 71' lang='lat' dir='ltr'><strong>Philoxeni</strong></span> 
     </span>
     <span class='ocr_line' id='line_1_22' title="bbox 302 3169 1307 3271; baseline 0.001 -22"><span class='ocrx_word' id='word_1_140' title='bbox 302 3201 438 3250; x_wconf 88' lang='lat' dir='ltr'><strong>nomen</strong></span> <span class='ocrx_word' id='word_1_141' title='bbox 462 3174 501 3245; x_wconf 87' lang='lat' dir='ltr'><strong>in</strong></span> <span class='ocrx_word' id='word_1_142' title='bbox 526 3169 719 3244; x_wconf 85' lang='lat' dir='ltr'><strong>Philonem</strong></span> <span class='ocrx_word' id='word_1_143' title='bbox 743 3171 805 3242; x_wconf 83' lang='lat' dir='ltr'><strong>vel</strong></span> <span class='ocrx_word' id='word_1_144' title='bbox 829 3169 1064 3246; x_wconf 77' lang='lat' dir='ltr'><strong>Philonidom</strong></span> <span class='ocrx_word' id='word_1_145' title='bbox 1088 3190 1307 3271; x_wconf 82' lang='lat' dir='ltr'><strong>corruptum</strong></span> 
     </span>
     <span class='ocr_line' id='line_1_23' title="bbox 303 3304 1306 3404; baseline -0.001 -21"><span class='ocrx_word' id='word_1_146' title='bbox 303 3312 362 3398; x_wconf 82' lang='lat' dir='ltr'><strong>sit,</strong></span> <span class='ocrx_word' id='word_1_147' title='bbox 388 3309 464 3380; x_wconf 86' lang='lat' dir='ltr'><strong>leni</strong></span> <span class='ocrx_word' id='word_1_148' title='bbox 489 3306 694 3381; x_wconf 84' lang='lat' dir='ltr'><strong>mutatione</strong></span> <span class='ocrx_word' id='word_1_149' title='bbox 721 3304 923 3382; x_wconf 87' lang='lat' dir='ltr'><strong>emendare.</strong></span> <span class='ocrx_word' id='word_1_150' title='bbox 973 3315 1112 3404; x_wconf 81' lang='lat' dir='ltr'><strong>Neque.</strong></span> <span class='ocrx_word' id='word_1_151' title='bbox 1134 3311 1207 3384; x_wconf 86' lang='lat' dir='ltr'><strong>hoo</strong></span> <span class='ocrx_word' id='word_1_152' title='bbox 1223 3311 1306 3383; x_wconf 92' lang='lat' dir='ltr'><strong>ubi·</strong></span> 
     </span>
     <span class='ocr_line' id='line_1_24' title="bbox 304 3442 1306 3543; baseline 0.002 -27"><span class='ocrx_word' id='word_1_153' title='bbox 304 3444 449 3543; x_wconf 79' lang='lat' dir='ltr'><strong>quade</strong></span> <span class='ocrx_word' id='word_1_154' title='bbox 480 3443 690 3516; x_wconf 83' lang='lat' dir='ltr'><strong>coniectura</strong></span> <span class='ocrx_word' id='word_1_155' title='bbox 723 3442 934 3515; x_wconf 85' lang='lat' dir='ltr'><strong>audendum</strong></span> <span class='ocrx_word' id='word_1_156' title='bbox 964 3445 1109 3520; x_wconf 82' lang='lat' dir='ltr'><strong>fuisset:</strong></span> <span class='ocrx_word' id='word_1_157' title='bbox 1146 3471 1232 3520; x_wconf 82' lang='lat' dir='ltr'><strong>nam</strong></span> <span class='ocrx_word' id='word_1_158' title='bbox 1263 3447 1306 3518; x_wconf 88' lang='lat' dir='ltr'><strong>in</strong></span> 
     </span>
     <span class='ocr_line' id='line_1_25' title="bbox 304 3571 1305 3676; baseline -0.001 -21"><span class='ocrx_word' id='word_1_159' title='bbox 304 3589 446 3655; x_wconf 83' lang='lat' dir='ltr'><strong>Zonara</strong></span> <span class='ocrx_word' id='word_1_160' title='bbox 476 3604 513 3651; x_wconf 88' lang='lat' dir='ltr'><strong>v.</strong></span> <span class='ocrx_word' id='word_1_161' title='bbox 544 3571 671 3676; x_wconf 71' lang='grc' dir='ltr'><strong><em>ξίστης</em></strong></span> <span class='ocrx_word' id='word_1_162' title='bbox 698 3582 743 3654; x_wconf 91' lang='grc' dir='ltr'><strong>Τ.</strong></span> <span class='ocrx_word' id='word_1_163' title='bbox 768 3597 806 3654; x_wconf 71' lang='grc'><strong>,2.</strong></span> <span class='ocrx_word' id='word_1_164' title='bbox 832 3603 868 3675; x_wconf 91' lang='lat' dir='ltr'><strong>p.</strong></span> <span class='ocrx_word' id='word_1_165' title='bbox 898 3583 1005 3674; x_wconf 75' lang='lat'><strong>1416.</strong></span> <span class='ocrx_word' id='word_1_166' title='bbox 1031 3599 1071 3653; x_wconf 89' lang='lat' dir='ltr'><strong>et</strong></span> <span class='ocrx_word' id='word_1_167' title='bbox 1093 3582 1305 3655; x_wconf 88' lang='lat' dir='ltr'><strong>Phavorino</strong></span> 
     </span>
     <span class='ocr_line' id='line_1_26' title="bbox 302 3705 1304 3814; baseline 0.004 -30"><span class='ocrx_word' id='word_1_168' title='bbox 302 3745 338 3814; x_wconf 89' lang='lat' dir='ltr'><strong>p.</strong></span> <span class='ocrx_word' id='word_1_169' title='bbox 359 3720 516 3809; x_wconf 63' lang='lat'><strong>15247..</strong></span> <span class='ocrx_word' id='word_1_170' title='bbox 540 3713 607 3784; x_wconf 93' lang='lat' dir='ltr'><strong>ubi</strong></span> <span class='ocrx_word' id='word_1_171' title='bbox 626 3705 740 3785; x_wconf 72' lang='grc' dir='ltr'>Φίλων</span> <span class='ocrx_word' id='word_1_172' title='bbox 763 3712 991 3812; x_wconf 81' lang='lat' dir='ltr'><strong>vulgabatur,</strong></span> <span class='ocrx_word' id='word_1_173' title='bbox 1016 3720 1174 3814; x_wconf 84' lang='lat' dir='ltr'><strong>genuina</strong></span> <span class='ocrx_word' id='word_1_174' title='bbox 1190 3718 1304 3789; x_wconf 87' lang='lat' dir='ltr'><strong>lectio</strong></span> 
     </span>
     <span class='ocr_line' id='line_1_27' title="bbox 299 3849 1304 3948; baseline 0.002 -24"><span class='ocrx_word' id='word_1_175' title='bbox 299 3879 352 3924; x_wconf 80' lang='lat' dir='ltr'><strong>ex</strong></span> <span class='ocrx_word' id='word_1_176' title='bbox 369 3849 593 3948; x_wconf 83' lang='lat' dir='ltr'><strong>Etymologo</strong></span> <span class='ocrx_word' id='word_1_177' title='bbox 612 3853 667 3922; x_wconf 90' lang='lat' dir='ltr'><strong>M.</strong></span> <span class='ocrx_word' id='word_1_178' title='bbox 690 3875 724 3945; x_wconf 88' lang='lat' dir='ltr'><strong>p.</strong></span> <span class='ocrx_word' id='word_1_179' title='bbox 743 3853 890 3940; x_wconf 78' lang='lat'><strong>610‚53.</strong></span> <span class='ocrx_word' id='word_1_180' title='bbox 916 3876 967 3948; x_wconf 85' lang='lat' dir='ltr'><strong>sq.</strong></span> <span class='ocrx_word' id='word_1_181' title='bbox 994 3851 1147 3924; x_wconf 86' lang='lat' dir='ltr'><strong>eandem</strong></span> <span class='ocrx_word' id='word_1_182' title='bbox 1173 3877 1304 3940; x_wconf 77' lang='lat' dir='ltr'><strong>vocem</strong></span> 
     </span>
     <span class='ocr_line' id='line_1_28' title="bbox 302 3982 1305 4082; baseline 0 -20"><span class='ocrx_word' id='word_1_183' title='bbox 302 4002 479 4062; x_wconf 83' lang='lat' dir='ltr'><strong>tractante</strong></span> <span class='ocrx_word' id='word_1_184' title='bbox 513 3982 642 4058; x_wconf 81' lang='lat' dir='ltr'><strong>reduci</strong></span> <span class='ocrx_word' id='word_1_185' title='bbox 680 3985 863 4082; x_wconf 87' lang='lat' dir='ltr'><strong>potuisset</strong></span> <span class='ocrx_word' id='word_1_186' title='bbox 900 3985 1167 4069; x_wconf 59' lang='lat' dir='ltr'><strong>debuissetve„</strong></span> <span class='ocrx_word' id='word_1_187' title='bbox 1206 3993 1305 4068; x_wconf 75' lang='lat' dir='ltr'><strong>Rem</strong></span> 
     </span>
    </p>
   </div>
   <div class='ocr_carea' id='block_1_8' title="bbox 0 0 1460 5136">
    <p class='ocr_par' dir='ltr' id='par_1_9' title="bbox 0 0 1460 5136">
     <span class='ocr_line' id='line_1_29' title="bbox 0 0 1460 5136; baseline 0 3"><span class='ocrx_word' id='word_1_188' title='bbox 0 0 1460 5136; x_wconf 95' lang='lat' dir='ltr'><strong> </strong></span> 
     </span>
    </p>
   </div>
  </div>
 </body>
</html>
