2904 5150
736 291 737 303 r
765 328 876 382 XXXI!

317 513 560 605 berem,=quo
577 527 647 592 ne,
672 506 774 606 quod
798 509 838 580 in
863 510 1067 603 Hesychio‚
1093 515 1322 610 Etymologo

318 648 473 742 aliisque
492 641 621 716 multis
647 642 888 738 scriptoribus
913 645 1051 718 factum
1068 646 1249 733 dolemus,
1276 648 1323 720 de

316 785 396 878 ipsa
410 778 591 855 Codicum
608 778 768 851 lectione
797 779 981 852 dubitatio
1001 781 1146 855 moveri
1165 787 1321 878 posset“

315 891 393 992 His*
414 917 523 1012 plane
548 913 731 986 contraria
749 915 932 986 Burneius
959 915 1149 1013 fecit,'qui
1171 915 1212 988 ia
1236 916 1321 988 red·

317 1049 437 1124 denda
467 1048 696 1122 Philemonis
730 1050 910 1146 scriptura
942 1067 1088 1122 tantum
1120 1049 1192 1122 sibi
1216 1067 1321 1146 puta·

317 1188 376 1260 vit
400 1206 629 1278 concessum,
663 1203 707 1258 ut
731 1185 933 1258 Phavorini
964 1204 1027 1258 out
1057 1186 1182 1257 nescio
1215 1186 1321 1258 cuius

317 1325 410 1399 alius
433 1320 601 1394 'auctoris
633 1321 775 1393 auxilio
810 1303 977 1406 adiutus,
1019 1321 1050 1392 si
1082 1319 1174 1417 quid
1198 1323 1319 1394 statim

315 1485 393 1532 non
405 1459 576 1555 placeret,
590 1455 786 1550 demendo,
803 1454 981 1541 addendo,
998 1455 1188 1542 mutando,
1205 1475 1320 1528 trans·

299 1596 485 1679 iocando,
511 1591 642 1688 quovis
657 1590 817 1688 denique
842 1591 957 1666 modo
984 1616 1107 1664 caussa
1125 1608 1163 1663 et
1178 1595 1320 1664 ratione

316 1731 531 1806 mutationis
559 1751 608 1799 ne
621 1706 743 1799 'verbo
768 1725 924 1824 quidem
945 1726 1103 1800 indicata
1127 1751 1195 1823 pro
1221 1725 1319 1798 ludi-

314 1864 400 1938 brio
415 1891 484 1940 suo
502 1862 723 1960 corrigeret:
751 1885 863 1962 quam
881 1861 1061 1935 tractandi
1071 1862 1265 1948 rationem,
1281 1861 1321 1932 in

310 2000 497 2087 secunda,
522 1997 639 2070 tertia
665 1997 853 2093 scriptoris
879 1997 1043 2071 editione
1066 1997 1225 2069 fortasse
1244 2022 1322 2067 non

316 2154 393 2209 tam
426 2134 559 2228 acriter
592 2133 892 2229 vituperandam,
934 2137 974 2206 in
1007 2133 1174 2230 principe
1198 2133 1322 2203 nescio

316 2273 393 2368 q'uo
419 2273 491 2346 alio
519 2293 629 2369 quam
654 2267 793 2340 fraudis
818 2270 973 2342 nomine
998 2268 1193 2361 adpellem.
1247 2267 1322 2362 Qui

315 2406 470 2476 Burneii
501 2428 605 2474 error
634 2426 711 2473 non
744 2420 821 2474 tam
857 2404 1012 2496 ipsius,
1035 2427 1148 2499 quam
1185 2403 1323 2473 saeculi

316 2514 396 2613 esse
434 2537 598 2624 videtur,
641 2534 743 2635 quod
774 2544 829 2607 et'
845 2535 935 2608 alibi
966 2534 1155 2606 Anecdota
1186 2541 1322 2608 Graeca

315 2673 417 2748 vitiis
450 2672 612 2746 cuiusvis
645 2669 790 2770 generis
824 2671 957 2744 misere
993 2668 1168 2741 scatentia
1207 2667 1322 2740 simili

315 2826 490 2907 apparatu
514 2805 692 2904 protundi
717 2805 827 2895 vidit,
853 2805 1006 2905 quibus,
1039 2827 1157 2904 quum
1182 2821 1219 2874 et
1243 2800 1321 2876 fide

314 2951 362 3018 et
378 2944 595 3019 auctoritate
618 2942 715 3015 iusta
729 2943 925 3028 -vacillent,
950 2963 1061 3011 nemo
1087 2939 1202 3011 homo
1220 2955 1322 3008 recte

314 3083 374 3154 uti
405 3097 547 3176 potest:
590 3079 696 3148 cuius
727 3075 872 3174 generis
905 3073 1087 3164 editores,
1129 3090 1172 3145 ut
1209 3073 1322 3146 nimii

314 3217 557 3290 minutiarum
589 3209 704 3282 studii
741 3211 882 3282 crimen
915 3205 1110 3306 effugiant,
1151 3233 1322 3308 arrogan-

315 3352 391 3422 tiae
423 3369 461 3421 et
493 3345 709 3422 temeritatis
740 3346 885 3420 malunt
921 3345 1098 3424 adcusari.
1167 3352 1322 3420 Graeco·

314 3512 401 3560 rum
417 3501 542 3558 autem
559 3483 774 3583 sequiorem
792 3483 1023 3555 saeculorum
1048 3482 1180 3576 scripta
1199 3501 1322 3577 gram·

315 3623 485 3695 maticam
511 3620 726 3714 spectantia,
739 3649 742 3654 ¹
757 3642 852 3717 quae
876 3619 979 3694 imae
997 3617 1208 3688 litterarum
1233 3617 1323 3686 clas·

314 3760 363 3830 sis
388 3757 472 3828 iure
497 3773 707 3844 censentur,
742 3777 860 3853 quum
884 3757 1005 3850 prima
1031 3751 1211 3836 eduntur,
1243 3774 1323 3821 non

315 3895 368 3966 ita
392 3892 475 3980 edi,
499 3909 544 3964 ut
570 3889 734 3961 editione
759 3907 931 3988 tauquam
957 3887 1084 3962 codice
1109 3886 1168 3959 uti
1193 3885 1325 3982 possis,

315 4022 361 4104 e'o
386 4027 502 4130 magis
527 4026 732 4103 dolendum
755 4043 924 4126 atquo
947 4025 1215 4124 is'qui‘novne·
1229 4021 1321 4092 ‘edi-

1207 4157 1323 4227 tionis
