2904 5150
775 317 843 364 ΧΠ

207 486 210 492 ’
304 499 505 596 Georgium
538 493 859 582 Choeroboscum,
901 510 1015 594 quem
1050 498 1153 573 haud
1192 505 1311 578 serius

304 660 414 730 quam
444 633 578 730 quint'o
610 657 646 728 p.
673 631 759 705 Chr.
792 657 831 708 n.
865 634 1012 704 saeculo
1044 634 1216 710 floruisse
1247 640 1322 713 do·'

301 771 380 841 cuit
409 768 639 840 Villoisonus
671 767 810 842 Anecd.
847 771 978 840 Graec.
1013 775 1058 846 T.
1087 792 1123 849 ες
1158 799 1195 870 p.
1225 797 1310 867 1⁰5·

300 911 425 999 Atque
458 903 702 976 Alexandrini
736 902 941 996 Theodosii
980 923 1075 978 aetas
1111 908 1223 983 etiam
1254 935 1311 983 ar.

300 1037 479 1112 ctioribns
518 1037 771 1112 circumscribi
811 1051 934 1134 potest
975 1039 1140 1133 finibus,
1191 1059 1310 1144 quum

299 1189 386 1272 post
417 1174 646 1266 Dionysium
679 1174 880 1264 Thracem,
925 1175 990 1271 qui
1029 1185 1076 1249 an
1106 1182 1307 1254 Aristarchi

296 1310 412 1384 fuerit
453 1310 657 1406 discipulus
692 1293 769 1403 ’(ν.
805 1311 952 1384 Villois.
990 1315 1130 1390 Anerd.
1175 1318 1307 1390 Graec.

296 1452 341 1526 T.
371 1467 405 1521 2.
429 1471 465 1542 p.
495 1446 598 1540 171.)
630 1453 695 1518 cur
728 1443 921 1517 dubitetur
946 1450 1133 1520 nonsatis
1160 1467 1306 1527 caussae

296 1601 367 1672 est,
407 1580 666 1655 Theodosium
691 1581 800 1659 Alex.
834 1580 1065 1669 inclaruisse,
1100 1587 1306 1662 certissimo

293 1708 487 1815 proditum
519 1717 569 1788 sit
600 1717 835 1792 testimoniet
878 1743 914 1790 v.
941 1717 1147 1816 Theodosii
1180 1727 1306 1796 Gram-

292 1855 420 1926 matici
444 1853 694 1952 fragmentum
717 1856 910 1950 Epimetro
927 1861 957 1929 1.
984 1853 1126 1926 editum
1151 1883 1189 1952 p.
1214 1879 1302 1949 302.

290 1993 416 2064 Huius
448 2007 572 2063 autem
603 2002 790 2086 tempore¹
806 1989 1116 2087 Erymologicum
1142 1995 1200 2066 M.
1224 1993 1302 2068 iam

291 2125 486 2224 vulgatum
511 2123 625 2196 fuisse
655 2150 773 2224 quum
798 2151 848 2198 ex
881 2110 997 2222 ipsius
1021 2129 1145 2224 operis
1171 2128 1301 2202 indole

291 2261 470 2334 credibile
507 2285 586 2332 non
625 2260 691 2359 sir,
733 2259 1066 2358 firmissimumque
1104 2289 1299 2363 argumen-

289 2416 371 2470 tum
402 2421 450 2467 ex
481 2419 526 2465 eo
550 2394 765 2492 colligatur,
808 2395 911 2490 quod
933 2397 980 2466 ad
1005 2399 1159 2494 Georgii
1181 2401 1299 2470 Choe-

286 2532 435 2605 robo'sci
452 2531 709 2603 auctoritatem
726 2528 772 2601 ab
784 2530 1014 2627 Etymologo
1032 2537 1301 2630 nonnunquam

286 2680 531 2766 provoceturr
574 2665 682 2738 facile
712 2665 900 2762 sequitur,
939 2668 1056 2739 alium
1094 2667 1299 2738 necessario

286 2817 365 2876 ess'e
391 2801 666 2889 Theodosium,
701 2801 769 2899 qui
793 2803 1049 2900 Ety'mologicl
1080 2803 1297 2874 auctoritate
1383 2882 1388 2888 .

283 2941 341 3012 uti
365 2958 466 3011 recte
490 2938 667 3034 pomerit.

214 3058 216 3063 ¹
383 3075 657 3157 Philemonem,
681 3071 728 3143 ad
746 3095 859 3167 quem
883 3089 1065 3157 revertor,
1095 3066 1294 3144 Schneide·

281 3221 345 3282 rus
384 3197 422 3283 l.
444 3233 474 3283 c.
510 3206 760 3304 praeiudicata
800 3207 979 3302 opinione
1013 3207 1144 3280 ductus
1175 3232 1294 3304 quum

280 3345 538 3442 Etymologici
562 3348 620 3417 M.
653 3343 898 3440 expilatorem
932 3343 1039 3430 dicit,
1080 3359 1161 3415 rem
1190 3342 1293 3415 haud

280 3485 367 3555 sa'tis
393 3481 659 3576 perpensitasse
677 3478 837 3554 videtur.
889 3485 988 3556 Nam
1013 3481 1083 3554 hac
1106 3481 1146 3552 in
1170 3503 1213 3552 re
1238 3481 1292 3550 ira

280 3616 423 3690 lubrica
454 3634 509 3687 est
540 3618 661 3689 omnis
692 3617 880 3689 iudicandi
913 3619 1041 3714 ratio..
1067 3634 1111 3690 ut
1144 3614 1291 3688 etiamsi

159 3848 163 3854 Ι
279 3753 404 3824 verbis
430 3753 677 3844 concisionem
713 3778 783 3850 pro
816 3755 948 3825 seriori
979 3753 1094 3824 velles
1131 3751 1287 3840 habere,

278 3889 387 3960 litem
418 3890 515 3970 hanc
548 3884 703 3986 candide
735 3888 931 3964 decernere
969 3889 1156 3986 nequires.
1224 3891 1287 3958 No

277 4039 428 4112 temen..
453 4023 555 4123 quod
581 4026 751 4100 alterutri
782 4026 985 4102 sententiae
1010 4025 1197 4102 calculum
1221 4018 1283 4094 ad·
