2912 5136
776 329 852 400 5¹0

315 511 443 584 matici
467 511 610 582 rivulos
637 511 821 584 ducebant
845 513 1050 612 hortosque
1075 538 1162 586 suos
1191 513 1321 614 irriga·

317 649 425 734 bant,
462 673 538 719 non
571 649 686 745 magis
713 650 961 736 Philemonis,
1000 676 1111 746 quam
1135 651 1322 737 Philonis,
1426 745 1427 750 ἵ

319 784 385 855 sed
415 784 616 855 Philoxeni
650 807 743 878 opus
777 783 864 876 fuit,
908 787 1045 856 nobilis
1078 785 1322 858 Alexandrini

320 920 574 1005 Grammatici,
613 921 717 991 cuius
749 947 825 993 non
860 922 982 994 solum
1014 921 1056 992 hi
1082 920 1128 992 de
1155 921 1320 993 dialectis

318 1055 408 1126 libri
442 1057 633 1144 exstitere,
676 1055 741 1126 sed
773 1057 896 1130 multo
927 1059 1041 1131 etiam
1072 1057 1217 1152 plures,
1257 1057 1324 1153 qui

319 1189 406 1262 alias
432 1193 687 1291 grammaticae
713 1190 924 1286 disciplinas
951 1194 1190 1291 attingerent,
1223 1190 1323 1287 apud

320 1347 359 1400 et
381 1329 557 1430 aequales
591 1343 629 1398 et
658 1344 824 1422 posteros
855 1345 993 1401 tantam
1026 1327 1162 1403 famam
1192 1344 1232 1397 et
1261 1352 1327 1398 au·

320 1436 529 1536 claritatem
555 1463 670 1549 nacti,
709 1481 753 1535 ut
777 1463 914 1560 reliqui
939 1435 1327 1562 minorum'gentium
1426 1433 1427 1470 ³

322 1597 558 1670 Grammatici
596 1598 634 1668 in
672 1595 775 1669 illius
814 1601 977 1672 maxime
1017 1599 1211 1696 disciplina
1249 1622 1327 1669 non

320 1733 435 1808 modo
463 1759 501 1804 se
527 1733 778 1824 continerent,
816 1734 882 1807 sed
913 1733 1080 1807 eiusdem
1108 1731 1327 1808 testimonio

217 1958 219 1962 v
321 1839 496 1980 tanquam
522 1870 672 1941 oraculo
699 1867 777 1955 usi,
807 1869 875 1942 ubi
899 1873 1004 1944 locus
1029 1870 1198 1960 daretur,
1231 1867 1328 1964 opti·
1426 1875 1427 1880 ’

321 1973 381 2110 nia
413 1975 564 2100 quaevis
602 2026 678 2075 non
718 1985 910 2077 nominato
948 2031 1053 2104 saepe
1085 2022 1236 2078 auctore
1268 2028 1328 2076 su·
1426 2089 1427 2102 χ

321 2138 434 2247 binde
466 2139 765 2216 transcriberent.
836 2147 956 2241 Quare
989 2167 1108 2237 quum
1138 2139 1328 2229 Philemo,

287 2251 289 2258 ¹
323 2275 411 2378 licet
445 2251 655 2347 ¹Philoxeni
696 2276 837 2349 librum
880 2276 927 2348 de
969 2277 1134 2348 dialectis
1172 2273 1328 2373 ,proprio

325 2411 402 2480 eius
436 2415 589 2484 nomine
615 2411 705 2484 alibi
729 2414 937 2499 noncitet,
971 2437 1092 2508 neque
1117 2411 1218 2507 hunc
1241 2410 1328 2482 Phi·

325 2546 453 2617 loxeni
485 2548 625 2618 librum
657 2549 810 2618 nomine
843 2539 923 2646 περὶ
953 2537 1143 2619 διαλέκτων
1181 2571 1202 2618 a
1238 2569 1331 2644 quo·

325 2680 425 2775 piam
451 2682 630 2786 scriptore
660 2681 852 2756 laudatum
878 2682 998 2755 adhuc
1023 2682 1248 2778 repererim,
1283 2679 1330 2751 ad

327 2818 404 2889 eius
439 2799 694 2892 auctoritatem
729 2819 801 2890 alio
828 2819 912 2890 loco
940 2835 1136 2914 provocet,
1170 2813 1202 2910 §.
1226 2821 1330 2926 3'14„

327 2950 469 3054 saepius
501 2970 626 3024 autem
657 2971 849 3049 praecepta
887 2957 965 3026 eius
1005 2979 1082 3025 non
1121 2953 1331 3038 nominato,

327 3089 386 3196 cui
412 3086 633 3179 debeantur,
658 3106 807 3161 auctore
822 3089 1019 3186 sublegat,
1052 3087 1155 3184 quod
1182 3106 1239 3182 ter
1264 3111 1330 3157 no·

327 3220 506 3308 ravimus,
549 3223 595 3294 ad
629 3229 678 3308 §§.
705 3241 737 3310 5.
770 3230 832 3319 47.
870 3242 958 3311 115:
1001 3225 1126 3295 nullus
1159 3219 1332 3318 equidem

328 3355 477 3446 dubito,
516 3361 608 3457 quin
640 3359 716 3430 illis
741 3358 863 3431 verbis
890 3353 934 3438 cic
960 3355 993 3430 ἐν
1027 3353 1075 3450 τῷ
1106 3357 1188 3454 περὶ
1219 3343 1332 3426 διαλί-

330 3515 416 3564 uvat
452 3483 619 3592 εὑρήσεις,
662 3520 757 3590 quae
787 3513 915 3565 auctor
947 3494 978 3564 si
1009 3492 1054 3564 de
1079 3493 1195 3588 ipsius
1220 3513 1333 3585 opere

291 3677 294 3681 -
327 3629 435 3728 loqui
461 3605 789 3724 voluisset,aliter
816 3629 1219 3718 formassenfhilemo
1245 3625 1334 3698 Phi·

329 3765 459 3837 loxeni
492 3764 538 3837 de
569 3764 732 3837 dialectis
771 3766 888 3839 libros
926 3765 1090 3836 voluerit
1128 3762 1333 3861 adpellare;

329 3916 438 3994 atque
465 3890 576 3974 etiam
601 3902 647 3973 de
672 3901 771 3973 libro
799 3901 974 3996 quopiam
992 3897 1227 3972 Philemonis
1254 3884 1334 3988 περὶ

328 4021 512 4108 διαλέκτων
538 4036 688 4110 aliunde
712 4037 808 4110 nihil
832 4055 1008 4124 constare,
1033 4035 1161 4109 mirari
1183 4051 1228 4103 tu
1252 4032 1334 4102 iure
1426 4125 1427 4134 ἵ
