2912 5136
551 395 561 400 -
615 349 690 421 519

145 537 301 611 ritatem
325 556 587 635 provocemus,
605 521 723 630 'apud'
737 555 854 630 quem
879 530 939 602 his
971 530 1013 603 in
1037 527 1174 601 nebus·

146 683 298 748 summe
331 674 500 744 omnium
534 675 712 744 'consensu
739 671 820 754 e'st,¹
849 668 980 753 Raetii,
1019 667 1090 765 qni:
1115 667 1156 737 in

148 815 398 884 Cononentct.
422 809 621 908 palaeogr.
647 791 784 903 palpa.
810 823 849 878 et
871 802 916 876 ad
935 803 1158 903 Gregorimn
1191 815 1197 823 ‘

148 971 190 1042 p:
214 959 300 1033 505.
327 947 412 1031 506.
438 947 589 1018 'nomino
614 968 635 1014 a
665 941 808 1036 syllaba
833 941 884 1032 Φΐ
884 948 910 1012 λ
925 940 1158 1034 incipientia,
1274 1013 1276 1020 ,

148 1075 516 1178 νε11111”Φ1’λόξενος,
557 1072 738 1178 Φιλήμων,
782 1061 916 1163 Φίλων,
960 1073 1158 1165 Φίλιππος,

151 1219 294 1323 omne,
331 1207 454 1306 φίλος,
491 1217 532 1287 in
551 1217 716 1289 ‘Mssa
747 1211 1001 1286 festinantibus
1031 1213 1160 1285 scribis

151 1376 420 1447 saepenumero
452 1351 589 1423 initiali
621 1351 699 1422 sola
729 1351 872 1443 syllaba
897 1341 976 1420 Φιλ’
1001 1348 1162 1444 exprimi

150 1504 311 1560 testatus
354 1505 427 1574 est,
481 1485 590 1566 unde,
623 1488 691 1558 ista
733 1486 884 1573 nomina
926 1487 983 1556 nil
1024 1485 1163 1556 mirum

152 1624 441 1695 commutationi
471 1647 593 1724 ensem
625 1635 818 1718 tantopere
851 1619 1015 1696 dedisses
1057 1621 1163 1692 cuins
1222 1671 1224 1676 ,

153 1757 331 1853 exempla
373 1756 463 1828 dant
504 1758 690 1831 Fabricius
728 1755 825 1830 Bibl.
866 1759 999 1831 Graec.
1041 1761 1086 1831 T.
1128 1758 1163 1829 6.

152 1918 191 1990 p.
232 1896 318 1982 625.
369 1877 475 1966 Harl.
517 1893 695 1975 Meinekc
736 1897 822 1966 Cur.
863 1893 987 1964 Critic.
1029 1916 1066 1985 p.
1104 1896 1165 1984 49.
1308 1909 1312 1917 ’

154 2033 297 2119 Heyne
328 2027 414 2098 Obs.
452 2026 493 2096 in
528 2026 632 2104 llisd.
671 2032 714 2104 T.
746 2052 781 2124 7.
818 2053 855 2124 p.
888 2050 973 2124 799.
1024 2026 1165 2097 Kulen·

155 2163 283 2259 kamp.
314 2161 361 2234 ed
385 2167 510 2254 Etym.
535 2139 594 2241 M.
625 2191 662 2262 p.
692 2169 785 2258 1,4ο.
834 2163 903 2255 (Τ.
929 2183 961 2236 2.
993 2186 1029 2258 p.
1056 2139 1165 2251 689.)

157 2298 306 2372 Addam
331 2297 410 2394 ipse
442 2298 702 2370 huiuscemodi
733 2301 802 2370 alia
832 2297 1010 2395 quaedam
1042 2321 1167 2368 exem·

160 2434 235 2531 pla.
271 2435 534 2532 Etymologico
562 2438 618 2507 M.
644 2459 679 2506 v.
705 2425 844 2532 ὅτξηςδς
868 2459 903 2530 p.
930 2437 1077 2529 637,14
1104 2431 1167 2505 ad·

161 2569 287 2641 hibito
312 2541 494 2643 'zonaram
526 2569 564 2644 h.
594 2593 629 2642 v.
661 2572 704 2642 T.
732 2588 767 2644 2.
799 2595 836 2665 p.
868 2573 974 2665 1476.
1007 2587 1044 2641 et
1074 2569 1168 2640 Pha·

162 2705 342 2775 vorinum
378 2727 413 2799 p.
443 2723 614 2795 1590,19.
646 2705 807 2801 corrige,
845 2730 912 2799 pro
940 2705 1168 2794 Philoxeno,

164 2863 279 2935 quem
302 2838 550 2937 Etymologus
575 2837 743 2934 praebet,
773 2841 973 2910 Philonem
998 2839 1169 2912 ferentes.

164 2980 249 3047 Nec
274 2971 405 3046 dubito
431 2972 524 3071 quin
549 2972 589 3044 in
614 2973 738 3065 Etym.
764 2975 822 3052 M.
849 2999 884 3046 v.
911 2962 997 3053 ἐδεὶς
1020 3001 1056 3070 p.
1082 2977 1170 3064 659,

170 3113 228 3182 16.
260 3107 325 3179 ubi
358 3105 591 3208 Philoponus
626 3108 776 3193 citatur.
819 3126 856 3180 et
888 3115 1030 3182 Zonarn
1065 3110 1102 3180 h.
1134 3135 1170 3182 v.

167 3243 213 3348 Τ.
240 3261 272 3313 2.
298 3264 334 3335 p.
362 3248 487 3336 1478..
515 3243 582 3315 ubi
606 3244 718 3316 lectio
744 3245 842 3317 inter
869 3235 983 3316 Φίλων
1008 3263 1046 3317 et
1072 3227 1171 3314 Φιλί·

168 3402 239 3471 μων
276 3377 448 3464 fluctnat,
492 3378 602 3452 etiam
640 3376 837 3451 Philoxeni
873 3405 1011 3458 nomen
1048 3381 1169 3455 lateat.

170 3519 227 3586 Ita
257 3536 278 3583 e
308 3512 539 3586 Philemonis
570 3513 696 3610 magni
728 3491 900 3588 monachi
931 3515 1076 3610 scriptis
1108 3537 1171 3585 ex·

171 3666 295 3742 cerpta
329 3665 474 3718 exstant
502 3653 544 3720 in
576 3645 703 3718 codice
736 3648 811 3723 iam
843 3651 962 3748 Regio
988 3652 1171 3735 Parisino,

171 3784 338 3856 madente
364 3800 512 3854 auctore
537 3771 715 3861 Biblioth.
741 3786 852 3866 Coisl,
880 3812 914 3882 p.
940 3808 1032 3872 111.,
1059 3810 1172 3881 quem

173 3919 329 3992 dubium
353 3944 431 3990 non
457 3937 512 3990 est
529 3917 689 3990 eundem
707 3943 784 3991 esse
808 3921 1041 4006 monachum,
1067 3922 1171 4006 cuius

172 4055 323 4129 nomine
356 4051 524 4128 Philonis
554 4053 729 4133 monaehi
765 4055 906 4132 ibidem
943 4082 980 4154 p.
1009 4063 1095 4152 412
1130 4057 1172 4127 in
