2904 5150
739 329 890 384 xxxvm

313 505 533 584 continens*
568 510 737 608 Lycurgi
775 512 902 584 locum
938 511 991 584 sic
1024 511 1193 600 exhibet,
1229 507 1316 594 'eivs

309 640 476 734 redueris,
514 631 647 723 inam
679 633 721 716 aiv
755 642 862 729 αὐτῆς
885 644 1079 739 μετάσχοι,
1116 646 1315 742 μονώτατος

307 771 348 852 dv
374 775 618 874 τροςηκόοτως,
656 780 696 854 in
728 782 881 877 reliquis
913 785 1106 882 avulgata
1132 787 1229 859 nihil
1254 813 1313 860 re·

308 903 458 994 cedensz
496 940 589 1012 quae
619 916 732 987 lectio
767 923 837 991 etsi
869 915 1024 994 oratoris
1057 946 1208 995 manum
1233 948 1313 996 uon

223 1047 240 1119 .'
305 1049 439 1137 reddit,
464 1070 588 1125 tamen
613 1053 832 1149 scripturam
858 1055 1018 1154 aliorum
1042 1055 1213 1131 codicum
1238 1083 1312 1155 ope

305 1183 460 1261 erutam*
476 1191 562 1262 satis
589 1187 794 1261 confirmat.
837 1191 959 1262 Etiam
977 1206 1089 1288 quam
1107 1193 1309 1269 lectionem

303 1325 378 1398 alio
395 1320 563 1418 Lycurgi
588 1323 672 1421 laco
698 1349 733 1420 p.
753 1341 814 1417 95.
840 1325 1118 1416 vindicavimus,
1144 1327 1241 1404 addo
1266 1332 1308 1401 in

302 1459 576 1533 Vratislaviensi
601 1484 751 1557 quoque
775 1464 940 1556 reperiri.

299 1601 339 1668 P.
373 1613 433 1685 92.
500 1601 590 1672 Non
622 1589 804 1671 afferenda
846 1612 923 1668 erac
961 1599 1157 1676 auctoritas
1197 1599 1306 1672 Euri.

299 1731 402 1828 pidei
438 1731 637 1834 fragmenti
674 1730 809 1825 parieti
847 1732 1115 1804 Herculanensi
1151 1733 1305 1827 adpicti,
1348 1833 1359 1847 .

300 1895 418 1965 quum
452 1891 602 1940 versum
633 1866 736 1938 hunc
768 1871 891 1939 nescio
918 1867 980 1940 cui
1003 1889 1150 1940 nostrae
1174 1872 1303 1944 aetatis

298 2005 445 2080 homiui
478 2001 605 2074 deberi
637 2026 713 2074 non
745 2002 902 2097 amplius
936 2003 1144 2082 dubitetur:
1186 2032 1224 2084 v.
1255 2005 1303 2076 dc

296 2145 418 2215 Murr.
451 2139 664 2241 Specimina
702 2138 961 2236 antiquissima
998 2141 1210 2239 scripturae
1249 2158 1302 2239 ce·
1339 2155 1343 2162 '

225 2335 231 2353 „
296 2277 437 2347 naioris
462 2299 527 2347 sea
554 2275 723 2344 carsivae
750 2290 837 2344 ante
861 2276 936 2350 Titi
956 2276 1186 2375 Vespasiani
1210 2292 1300 2348 tem·

294 2436 405 2511 pora,
462 2405 734 2504 Norimbergae
774 2427 882 2500 1792.
928 2433 963 2502 p.
997 2432 1031 2501 5.
1099 2409 1299 2488 Akerblad.

294 2547 487 2620 Iscrizione
510 2545 631 2614 Greca
655 2567 773 2643 sopra
797 2568 876 2614 aaa
902 2543 1046 2612 lamina
1072 2543 1112 2611 di
1135 2539 1299 2638 piomb0,

295 2699 451 2755 trovata
476 2683 568 2755 nelle
593 2681 786 2752 vicinanze
812 2679 853 2753 di
876 2678 1006 2748 Arene.
1041 2683 1162 2748 Roma
1191 2689 1298 2766 1815.

294 2848 328 2915 p.
347 2823 416 2913 40.
444 2843 517 2916 seq.
569 2815 679 2912 Quod
703 2814 789 2889 ideo
815 2811 969 2897 adn0t0,
996 2837 1111 2906 quum
1137 2813 1296 2889 cundem

293 2978 475 3040 errorem,
516 2951 555 3024 in
589 2976 701 3047 quem
736 2953 815 3043 ipse
840 2948 1051 3034 inciderim,
1094 2947 1297 3023 etiamdum

291 3092 379 3163 alibi
403 3088 596 3189 propagari
621 3082 909 3157 animadvertam
926 3085 979 3162 **.

356 3357 370 3382 ⁰
386 3351 532 3424 ·Copioss
551 3350 585 3405 ds
608 3346 638 3404 h.
657 3346 723 3405 cod.
742 3347 900 3406 admodum
919 3348 1057 3404 disseruit
1075 3351 1176 3406 Franc.
1193 3352 1295 3408 Passo·

290 3456 356 3512 vius
379 3455 412 3510 in
436 3451 610 3509 Prolusionc
634 3451 669 3507 ad
694 3449 772 3506 diem
800 3449 925 3504 natalem
950 3451 1030 3508 Frid.
1056 3451 1216 3511 Guilielmi
1238 3455 1293 3509 111.

290 3558 366 3635 regis
384 3559 541 3612 Borussor.
560 3555 593 3609 in
612 3552 805 3609 universitate
823 3552 979 3610 Vrstislcv.
998 3554 1204 3610 celebrandum
1223 3554 1294 3609 scri·

289 3677 337 3732 ptr
356 3665 448 3727 1820„
473 3658 526 3716 ubi
542 3659 708 3727 praemissao
724 3670 789 3710 sunt
805 3653 949 3730 symbolae
966 3658 1076 3709 criticas
1093 3660 1123 3710 in
1140 3658 1293 3726 scriptores

291 3760 412 3820 Graecos
428 3776 457 3816 ec
474 3761 617 3816 Romanos
632 3777 648 3813 ο
664 3757 742 3816 codd.
761 3757 849 3812 MSS.
871 3755 1024 3812 Vraeislav.
1042 3757 1232 3828 depromptae.

356 3870 380 3897 ‘⁵
408 3865 445 3921 V.
463 3859 705 3917 Winckclmsnni
723 3860 800 3914 Hist.
818 3860 881 3913 Art.
901 3859 937 3915 Τ.
955 3863 983 3923 8.
1001 3876 1032 3932 p·
1044 3859 1105 3929 361.
1127 3857 1172 3914 ed.
1191 3877 1291 3914 recen-

290 3965 350 4021 tiss.
359 4003 369 4032 ,
394 3979 423 4020 et
441 3963 578 4042 Gdttling
595 3962 688 4019 Lclm
704 3981 768 4020 vom
785 3960 889 4020 Accam
906 3960 954 4016 der
970 3959 1153 4034 griechischen
1170 3959 1291 4034 Spracbs

290 4086 317 4140 p.
336 4066 387 4122 IX.
407 4065 451 4123 ed.
470 4084 525 4121 sec.
