2904 5150
742 331 883 403 Ι11111111
957 343 959 347 ’

322 513 393 588 bus
428 510 658 600 Philemonis
699 527 892 606 praecepta
923 528 988 583 ant
1018 509 1231 587 confirmari
1264 538 1330 590 sut

321 649 477 746 infringi
507 663 695 744 poterant,
731 671 808 718 non
833 645 956 718 ubivis
981 672 1002 720 a
1027 672 1089 719 me
1112 652 1328 746 impetravi,
1441 651 1442 654 '

320 804 365 858 ut
399 811 441 858 ea
472 807 566 879 quae
598 782 699 853 haud
725 783 889 880 quaesita
918 807 960 853 se
991 778 1170 858 offerrent
1199 791 1328 860 reiice-

320 946 420 995 remt
458 944 534 1015 quo
564 917 702 991 iactum
734 937 777 990 ut
802 941 920 1014 quum
946 945 966 992 a
991 919 1182 1015 primitivo
1210 927 1327 996 consi·

234 1137 236 1145 ¹
320 1057 376 1129 lio
395 1055 509 1127 semel
534 1054 678 1145 recessi,
705 1055 815 1128 etiam
840 1055 938 1126 ultra
963 1055 1052 1128 iusti
1070 1060 1327 1130 commentarii

319 1191 414 1266 fines
440 1191 638 1288 migrarem
662 1191 778 1289 inque
803 1215 863 1263 res
881 1215 1063 1288 evagarer,
1089 1215 1183 1288 quae
1207 1197 1325 1289 aptio·

319 1351 401 1399 rem
418 1326 509 1398 alibi
524 1327 652 1399 locum
677 1327 919 1399 invenissentt
946 1350 1067 1423 neque
1092 1326 1167 1401 iam
1195 1330 1326 1402 evitari

320 1480 483 1558 poterat,
526 1486 603 1557 quo
640 1463 763 1533 minus
795 1462 857 1533 hie
889 1486 1036 1558 pareus,
1077 1461 1214 1534 nimius
1245 1464 1326 1537 illic

296 1597 476 1670 ·viderer.
526 1604 700 1668 Attamen
726 1620 819 1691 quae
841 1598 992 1668 Lexicis
1019 1599 1164 1668 Graecis
1190 1623 1324 1691 augen-

319 1731 378 1806 dis
406 1731 683 1832 corrigendisve
708 1732 859 1828 passim,
896 1729 964 1803 ubi
987 1757 1064 1804 non
1090 1757 1236 1829 semper
1260 1760 1324 1808 ex·

317 1889 528 1964 spectasses,
553 1893 574 1940 a
599 1893 660 1938 me
677 1869 795 1941 adlata
812 1885 910 1953 sunt,
935 1892 975 1937 ea
1001 1869 1040 1939 in
1064 1870 1162 1940 notis
1180 1871 1324 1944 Lexico

317 2005 463 2101 scriptis
494 2004 669 2100 proferri,
707 2003 919 2075 recordatus
951 2006 1075 2074 minus
1108 2005 1320 2102 gravabere.

315 2145 501 2214 Nostrum
528 2139 627 2209 enim
653 2163 731 2210 esse
756 2141 982 2234 putavimus,
1007 2140 1074 2213 ubi
1100 2140 1192 2237 quid
1209 2143 1322 2216 Lexi-

285 2287 287 2291 '
316 2277 369 2350 cis
395 2274 664 2372 amplificandis
697 2299 718 2346 e
744 2292 924 2348 contextu
948 2277 1139 2372 scriptoris
1165 2279 1321 2350 anobis

316 2411 409 2484 editi
441 2411 649 2483 redundare
673 2411 799 2480 visum
824 2410 887 2498 sit,
927 2399 1127 2507 diligenter
1158 2412 1321 2482 animad-

314 2563 479 2617 vertere:
522 2548 561 2617 in
594 2570 669 2643 quo
702 2543 831 2620 labore
863 2568 958 2639 quae
990 2544 1169 2616 vocabula
1201 2566 1320 2616 meam

314 2681 619 2778 subterfugerunt
649 2678 1024 2763 animadversionem,
1066 2677 1129 2780 hio
1161 2675 1318 2751 adnoto:

313 2809 530 2896 αἰολοπόλος
555 2822 586 2902 6.
608 2828 665 2896 18.
691 2841 726 2912 p.
749 2821 805 2910 14.
839 2814 912 2885 nisi
939 2811 1205 2884 Grammaticus
1233 2838 1318 2886 enm

309 2979 348 3027 v.
382 2945 605 3032 αἰολόπωλος
635 2953 713 3050 ipse
744 2951 953 3022 confudisse
978 2947 1115 3020 rectius
1141 2965 1319 3023 censetur.

312 3079 507 3161 α’λυσεῐδιον
545 3087 576 3180 §.
610 3091 672 3176 96.
719 3109 755 3180 p.
787 3088 847 3160 68.
897 3077 1118 3175 οἱσυνοίφετος
1159 3081 1191 3176 §.
1235 3103 1318 3175 295.

311 3249 348 3320 p.
377 3245 461 3319 207.
505 3206 724 3305 δαμαλείδιον
759 3224 788 3304 §.
813 3221 875 3308 96.
908 3243 943 3314 p.
970 3224 1031 3298 68.
1079 3206 1318 3318 διγςοὶμμοιτος

192 3403 211 3438 s
311 3355 347 3454 §.
376 3379 459 3454 271.
491 3379 637 3455 p.'191·
676 3342 939 3447 3111131851.
974 3380 1009 3450 p.
1038 3375 1095 3444 23.
1139 3352 1318 3427 Δωλώνειω

311 3512 350 3568 et
375 3485 608 3584 Δωλωφρνία,
641 3481 716 3574 ἠΰ.
743 3481 803 3561 62.
838 3514 872 3586 p.
897 3497 958 3586 45.
1004 3482 1226 3588 ἱξπηχυστῖ,
1257 3486 1316 3588 ἕξ-

308 3653 398 3710 novt
431 3635 460 3715 §.
486 3633 546 3724 76.
578 3651 613 3723 p.
641 3643 700 3712 51.
743 3615 914 3724 ἑταιρίδων
941 3623 972 3718 §
998 3629 1060 3716 96.
1091 3651 1127 3720 p.
1155 3627 1216 3703 68.
1254 3627 1317 3697 eui

309 3763 404 3836 adde
429 3761 757 3856 Schol.'Aristoph.'
780 3767 847 3834 Av.
865 3765 950 3840 668.
976 3749 1154 3838 inuentis
1181 3767 1210 3845 §.
1232 3783 1314 3856 197.

307 3923 343 3995 p.
373 3911 454 3978 128.
480 3893 663 3993 ὁλιγαχῶς
687 3902 793 3982 881.
818 3921 856 3993 p.
876 3915 936 3992 57,
963 3887 1156 3994 igetssa'mot
1181 3899 1215 3980 §.⁴
1233 3917 1314 3990 127.
1435 3975 1436 3998 χ

305 4058 344 4130 p.
379 4039 441 4115 86.
489 4026 689 4135 'Opimia
731 4027 754 4116 η’
784 4038 815 4119 §.
851 4037 913 4112 62.
955 4054 991 4129 p.
1015 4036 1079 4128 45.
1130 4027 1316 4130 ἐρίβρομος
