2940 5142
781 315 855 384 250

893 497 1050 521 ’HN

314 493 403 572 σθαι
436 494 570 594 ἔλεγον.
626 491 843 580 Ἑλλάνικος·
876 527 1107 604 αναρςιχαται
1140 493 1178 577 ie*
1210 503 1322 608 deneg

312 630 463 716 πίθηκος
490 630 543 706 ἐπ’
570 627 660 735 dages
685 633 733 707 aet
764 627 899 736 dirigo,
934 634 1110 711 τουτέστιν
1130 640 1192 721 ἐἰς
1224 639 1321 731 ὕψος

376 797 537 868 Ἑλλάνικος]
558 801 654 854 Huius
679 801 810 856 nominis
830 804 1052 876 opportunitate
1071 825 1140 860 usus
1158 805 1236 860 baud
1254 807 1317 862 seio

310 925 346 960 an
364 925 425 958 rem
445 902 570 958 alienam
596 922 689 978 agam,
715 905 748 957 in
777 905 923 980 originem
949 908 1012 961 eiua
1037 924 1064 961 et
1082 909 1249 981 prosodiam
1271 911 1317 964 iu·

309 1010 485 1081 quisiturus.
524 1006 693 1060 Percrebuit
711 1008 789 1059 anim
814 1027 908 1080 nuper
932 1027 1049 1064 auctore
1073 1012 1227 1065 Francisco
1253 1013 1317 1067 Pra-

309 1110 395 1164 sovio
415 1108 447 1161 in
467 1107 578 1178 Epiron.
599 1109 669 1166 Litt.
690 1109 801 1162 dancus.
821 1129 845 1162 a.
874 1113 939 1174 1816
967 1113 1026 1167 No.
1043 1129 1083 1182 15.
1102 1133 1217 1188 p.117.,
1237 1133 1316 1168 nove

308 1213 343 1266 de
362 1211 492 1266 nominis
509 1207 656 1266 Ἑλλάνικος
676 1211 793 1285 origine
818 1213 923 1284 opinio
947 1213 1062 1277 multis,
1087 1217 1132 1268 uti
1157 1215 1244 1269 tando
1271 1235 1316 1270 ac·

307 1317 383 1388 cepi,
403 1316 498 1386 iisque
517 1313 590 1367 viris
603 1311 813 1367 eruditissimis
825 1314 957 1387 probata,
973 1319 1118 1371 anemine
1131 1317 1210 1391 quod
1225 1321 1316 1373 sciam

307 1419 401 1473 adhuc
418 1417 554 1478 refutata,
574 1434 645 1487 quae
665 1433 724 1488 quo
744 1417 907 1488 speciosior
923 1419 1054 1486 videtur,
1078 1439 1112 1474 eo
1138 1423 1255 1492 cautius¹
1278 1441 1315 1475 an

305 1523 391 1575 firmo
411 1519 526 1573 incedat
544 1519 615 1591 pede
633 1517 807 1572 videndum.
844 1521 964 1573 Nomen
983 1521 1062 1574 euim
1081 1524 1237 1595 proprium
1256 1523 1314 1574 ‘tta-

304 1619 419 1688 λάκκος,
438 1623 479 1675 ait
498 1640 600 1674 censor
618 1621 815 1687 acutissimus,
840 1640 941 1674 eorum
961 1641 1053 1694 quum
1078 1642 1092 1677 e
1117 1643 1243 1677 numero
1262 1625 1313 1691 sit,

304 1744 377 1799 quae
401 1744 416 1778 a
441 1721 604 1798 gentilibus
627 1723 758 1796 profecta
784 1739 897 1777 mutato
922 1740 1043 1779 accentu
1066 1727 1097 1778 in
1119 1727 1241 1800 propria
1264 1726 1313 1780 de·

302 1849 385 1882 mum
411 1827 594 1891 transierint,
622 1826 668 1879 uti
688 1818 816 1894 ”Αχαιιος,
848 1825 915 1892 alia,
942 1826 1032 1900 idque
1056 1847 1166 1882 nomen
1192 1830 1312 1884 Dorum

304 1951 354 1986 ore
377 1930 622 2004 pronuntiatum,
649 1947 712 1982 non
736 1925 863 2000 amplius
887 1929 946 1982 iam
969 1948 1024 2002 pro
1051 1930 1173 2002 epitrito
1194 1947 1310 2003 quarto,

303 2032 550 2106 quemadmodum
576 2030 611 2083 ad
635 2027 787 2104 vulgarem
811 2032 944 2084 nominis
976 2031 1190 2107 etymologiam
1216 2031 1311 2086 efferri

301 2135 424 2190 solitum
444 2134 491 2199 sit,
509 2131 610 2187 haberi
627 2151 724 2205 posse,
744 2133 793 2185 sed
809 2135 914 2206 pedem
932 2151 948 2186 a
971 2135 1079 2187 maiori
1097 2136 1237 2194 Jouicum
1256 2155 1310 2210 po·

301 2239 361 2291 tius
380 2235 506 2311 explere.
544 2235 602 2288 Cui
620 2250 717 2288 tamen
737 2235 933 2301 coniecturae,
953 2254 1014 2289 non
1032 2237 1095 2289 sine
1114 2239 1236 2309 quadam
1257 2258 1307 2293 ve·

299 2340 394 2394 ritatis
414 2339 509 2412 specie
526 2335 669 2411 prolatae,
694 2336 727 2390 id
749 2339 902 2410 praecipue
928 2338 1072 2392 adversari
1094 2356 1197 2395 auctor
1215 2360 1308 2414 quum

300 2444 370 2496 scite
389 2439 583 2516 intelligeret,
602 2437 683 2493 aliud
703 2438 871 2511 exemplum
892 2440 1032 2496 adiectivi
1050 2441 1171 2517 gentilis
1190 2444 1221 2495 in
1241 2450 1307 2498 io's'

301 2543 459 2600 desinentia
484 2540 642 2595 desiderari
666 2541 747 2614 quod
759 2541 838 2594 idem
851 2544 1006 2615 proprium
1021 2545 1071 2609 sit,
1089 2545 1219 2620 ingenue
1231 2545 1308 2616 ipse,

299 2646 422 2701 simulac
440 2643 524 2698 locus
543 2643 619 2717 apud
636 2659 754 2718 poetam
769 2643 877 2716 aliquis
896 2647 1094 2712 inveniretur,
1107 2647 1185 2702 unde
1204 2647 1238 2701 de
1251 2666 1306 2702 no·

299 2749 390 2803 minis
415 2761 535 2801 accentu
565 2744 651 2800 aliter
681 2762 836 2813 constaret,
868 2750 965 2801 atatim
990 2747 1216 2822 relinquendam
1241 2769 1306 2804 eam

299 2871 358 2907 esse
385 2849 606 2924 pronuntiavit.
662 2847 765 2920 Qualis
795 2865 898 2924 poetae
930 2852 1088 2905 auctoritas
1118 2849 1200 2905 aliud
1229 2851 1305 2925 quid

298 2953 447 3026 quaerenti
465 2952 542 3006 mihi
561 2966 665 3025 sponte
683 2971 713 3004 se
731 2949 844 3005 obtulit
861 2953 894 3006 in
911 2969 1000 3026 poeta
1016 2954 1153 3028 quamvis
1164 2954 1307 3026 pessimo,

298 3061 385 3114 docto
406 3075 501 3112 tamen
519 3053 654 3116 homine,
673 3055 786 3111 Ioanne
806 3056 922 3120 Taena,
941 3057 974 3109 in
1000 3059 1084 3110 cuius
1102 3055 1306 3112 Posthomeri·

297 3182 401 3217 corum
419 3179 504 3214 versu
522 3165 583 3228 778.
620 3155 773 3210 Hellanici
791 3177 900 3210 nornen
920 3159 960 3212 ita
978 3160 1147 3231 proferturr

482 3253 547 3332 κείνῃ
567 3256 635 3311 νυκτὶ
658 3257 671 3308 0⁴
688 3252 797 3320 Λέσβιος
813 3252 961 3316 ‘tardum
980 3253 1067 3315 altilia.

297 3367 393 3418 Restat
416 3361 511 3438 igitur
533 3360 739 3415 tantummodo
764 3361 863 3428 vocis,
898 3362 933 3417 de
952 3364 1036 3418 cuius
1053 3361 1194 3436 prosodia
1211 3381 1301 3418 nemo

295 3464 422 3538 amplius
447 3464 505 3516 iam
531 3461 669 3536 ambiget,
694 3463 830 3539 indagare
857 3467 1017 3539 originem,
1042 3485 1127 3532 quam
1153 3486 1189 3520 ex
1206 3463 1302 3520 Ἕλλην

296 3583 324 3620 et
342 3567 411 3640 νικᾷ,
431 3565 511 3631 duci,
532 3565 628 3639 ipsum
647 3585 756 3620 nomeu
776 3569 886 3640 prodit.
908 3569 1012 3641 Neque
1025 3567 1111 3622 aliter
1122 3587 1183 3620 rem
1196 3564 1302 3620 habere

256 3735 259 3741 Ι
296 3686 380 3743 puto,
399 3670 440 3722 ita
460 3685 555 3722 tamen
575 3683 608 3720 ut
626 3668 705 3740 quod
723 3671 843 3742 proprie
861 3671 1028 3727 Ἐλληνάνικος
1041 3670 1217 3726 efferendum
1237 3669 1300 3722 lua·

295 3773 345 3838 rit,
368 3786 488 3845 propter
512 3769 665 3824 molestam
691 3770 810 3826 auribus
834 3775 1022 3827 iterationem
1048 3772 1175 3846 syllabae
1201 3770 1300 3826 eadem

295 3894 423 3928 consona
442 3873 614 3945 incipientis
633 3873 765 3928 suaviori
785 3890 813 3927 et
837 3875 969 3929 faciliori
999 3895 1072 3930 sono
1099 3872 1301 3929 accommoda·

294 3993 356 4030 tum
383 3977 436 4037 sit;
462 3976 543 4049 quod
567 3978 600 4030 in
624 3976 690 4032 aliis
716 3986 833 4050 quoqne
857 3975 1011 4032 vocabulis
1035 3978 1165 4032 studiose
1191 3976 1302 4030 factum

295 4078 527 4144 observavimus,
551 4079 721 4152 praesertim
743 4078 795 4133 ubi
815 4097 959 4134 consonae
982 4079 1125 4153 syllabam
1142 4079 1300 4134 inchoatu-
