<?xml version="1.0" encoding="UTF-8"?>
<!DOCTYPE html PUBLIC "-//W3C//DTD XHTML 1.0 Transitional//EN"
    "http://www.w3.org/TR/xhtml1/DTD/xhtml1-transitional.dtd">
<html xmlns="http://www.w3.org/1999/xhtml" xml:lang="en" lang="en">
 <head>
  <title>
</title>
<meta http-equiv="Content-Type" content="text/html;charset=utf-8" />
  <meta name='ocr-system' content='tesseract 3.04.00' />
  <meta name='ocr-capabilities' content='ocr_page ocr_carea ocr_par ocr_line ocrx_word'/>
</head>
<body>
  <div class='ocr_page' id='page_1' title='image "./philemonisgramm00diasgoog_0350.png"; bbox 0 0 2912 5136; ppageno 0'>
   <div class='ocr_carea' id='block_1_1' title="bbox 794 286 870 366">
    <p class='ocr_par' dir='ltr' id='par_1_1' title="bbox 794 286 870 366">
     <span class='ocr_line' id='line_1_1' title="bbox 794 286 870 366; baseline 0 0"><span class='ocrx_word' id='word_1_1' title='bbox 794 286 870 366; x_wconf 72' lang='lat'><strong>518</strong></span> 
     </span>
    </p>
   </div>
   <div class='ocr_carea' id='block_1_2' title="bbox 431 469 1431 580">
    <p class='ocr_par' dir='ltr' id='par_1_2' title="bbox 431 469 1431 580">
     <span class='ocr_line' id='line_1_2' title="bbox 431 469 1431 580; baseline 0.006 -28"><span class='ocrx_word' id='word_1_2' title='bbox 431 487 491 554; x_wconf 88' lang='lat' dir='ltr'><strong>De</strong></span> <span class='ocrx_word' id='word_1_3' title='bbox 508 477 707 552; x_wconf 83' lang='lat' dir='ltr'>Philoxeni</span> <span class='ocrx_word' id='word_1_4' title='bbox 732 495 849 550; x_wconf 88' lang='lat' dir='ltr'><strong>aetate</strong></span> <span class='ocrx_word' id='word_1_5' title='bbox 873 477 1077 554; x_wconf 81' lang='lat' dir='ltr'><strong>dolendum</strong></span> <span class='ocrx_word' id='word_1_6' title='bbox 1102 499 1179 560; x_wconf 82' lang='lat' dir='ltr'><strong>tam</strong></span> <span class='ocrx_word' id='word_1_7' title='bbox 1204 507 1332 580; x_wconf 86' lang='lat' dir='ltr'><strong>parum</strong></span> <span class='ocrx_word' id='word_1_8' title='bbox 1430 469 1431 474; x_wconf 23' lang='lat'>¹</span> 
     </span>
    </p>
   </div>
   <div class='ocr_carea' id='block_1_3' title="bbox 299 614 1331 717">
    <p class='ocr_par' dir='ltr' id='par_1_3' title="bbox 299 614 1331 717">
     <span class='ocr_line' id='line_1_3' title="bbox 299 614 1331 717; baseline 0.004 -28"><span class='ocrx_word' id='word_1_9' title='bbox 299 665 301 674; x_wconf 70' lang='lat'><em>,</em></span> <span class='ocrx_word' id='word_1_10' title='bbox 329 620 531 700; x_wconf 75' lang='lat' dir='ltr'>memoriae</span> <span class='ocrx_word' id='word_1_11' title='bbox 563 614 740 686; x_wconf 80' lang='lat' dir='ltr'><strong>traditum</strong></span> <span class='ocrx_word' id='word_1_12' title='bbox 775 639 870 699; x_wconf 87' lang='lat' dir='ltr'><strong>esse,</strong></span> <span class='ocrx_word' id='word_1_13' title='bbox 912 632 956 686; x_wconf 90' lang='lat' dir='ltr'><strong>ut</strong></span> <span class='ocrx_word' id='word_1_14' title='bbox 992 635 1135 690; x_wconf 86' lang='lat' dir='ltr'><strong>certum</strong></span> <span class='ocrx_word' id='word_1_15' title='bbox 1175 617 1331 717; x_wconf 84' lang='lat' dir='ltr'><strong>ingenue</strong></span> 
     </span>
    </p>
   </div>
   <div class='ocr_carea' id='block_1_4' title="bbox 330 749 1431 850">
    <p class='ocr_par' dir='ltr' id='par_1_4' title="bbox 330 749 1431 850">
     <span class='ocr_line' id='line_1_4' title="bbox 330 749 1431 850; baseline 0.002 -24"><span class='ocrx_word' id='word_1_16' title='bbox 330 779 489 850; x_wconf 84' lang='lat' dir='ltr'>nequeas</span> <span class='ocrx_word' id='word_1_17' title='bbox 512 751 609 822; x_wconf 85' lang='lat' dir='ltr'><strong>ferre</strong></span> <span class='ocrx_word' id='word_1_18' title='bbox 633 749 833 835; x_wconf 85' lang='lat' dir='ltr'><strong>iudicium,</strong></span> <span class='ocrx_word' id='word_1_19' title='bbox 858 774 974 846; x_wconf 89' lang='lat' dir='ltr'><strong>quum</strong></span> <span class='ocrx_word' id='word_1_20' title='bbox 995 752 1212 846; x_wconf 83' lang='lat' dir='ltr'><strong>¹praesertim</strong></span> <span class='ocrx_word' id='word_1_21' title='bbox 1234 781 1331 828; x_wconf 77' lang='lat' dir='ltr'><strong>sum»</strong></span> <span class='ocrx_word' id='word_1_22' title='bbox 1430 779 1431 782; x_wconf 73' lang='grc'>’</span> 
     </span>
    </p>
   </div>
   <div class='ocr_carea' id='block_1_5' title="bbox 326 885 1331 1526">
    <p class='ocr_par' dir='ltr' id='par_1_5' title="bbox 326 885 1331 1526">
     <span class='ocr_line' id='line_1_5' title="bbox 328 885 1329 985; baseline 0 -24"><span class='ocrx_word' id='word_1_23' title='bbox 328 914 481 985; x_wconf 89' lang='lat' dir='ltr'><strong>mopere</strong></span> <span class='ocrx_word' id='word_1_24' title='bbox 517 885 721 959; x_wconf 84' lang='lat' dir='ltr'><strong>cavendum</strong></span> <span class='ocrx_word' id='word_1_25' title='bbox 760 886 825 975; x_wconf 82' lang='lat' dir='ltr'><strong>sit,</strong></span> <span class='ocrx_word' id='word_1_26' title='bbox 867 911 933 956; x_wconf 90' lang='lat' dir='ltr'><strong>ne·</strong></span> <span class='ocrx_word' id='word_1_27' title='bbox 950 893 1089 957; x_wconf 81' lang='lat' dir='ltr'><strong>Noster</strong></span> <span class='ocrx_word' id='word_1_28' title='bbox 1125 913 1211 960; x_wconf 86' lang='lat' dir='ltr'><strong>cum</strong></span> <span class='ocrx_word' id='word_1_29' title='bbox 1250 891 1329 976; x_wconf 81' lang='lat' dir='ltr'><strong>aliis</strong></span> 
     </span>
     <span class='ocr_line' id='line_1_6' title="bbox 327 1021 1330 1118; baseline -0.001 -21"><span class='ocrx_word' id='word_1_30' title='bbox 327 1027 456 1103; x_wconf 84' lang='lat' dir='ltr'><strong>multis</strong></span> <span class='ocrx_word' id='word_1_31' title='bbox 505 1023 636 1098; x_wconf 87' lang='lat' dir='ltr'><strong>eodem</strong></span> <span class='ocrx_word' id='word_1_32' title='bbox 684 1022 836 1095; x_wconf 85' lang='lat' dir='ltr'><strong>nomine</strong></span> <span class='ocrx_word' id='word_1_33' title='bbox 883 1021 1017 1118; x_wconf 78' lang='lat' dir='ltr'><strong>gavisis</strong></span> <span class='ocrx_word' id='word_1_34' title='bbox 1061 1024 1330 1109; x_wconf 81' lang='lat' dir='ltr'><strong>confundatur,</strong></span> 
     </span>
     <span class='ocr_line' id='line_1_7' title="bbox 327 1155 1329 1258; baseline 0 -26"><span class='ocrx_word' id='word_1_35' title='bbox 327 1184 488 1258; x_wconf 89' lang='lat' dir='ltr'><strong>qnorum</strong></span> <span class='ocrx_word' id='word_1_36' title='bbox 513 1181 710 1228; x_wconf 89' lang='lat' dir='ltr'><strong>numerum</strong></span> <span class='ocrx_word' id='word_1_37' title='bbox 735 1174 949 1253; x_wconf 80' lang='lat' dir='ltr'><strong>percensent</strong></span> <span class='ocrx_word' id='word_1_38' title='bbox 966 1155 1129 1232; x_wconf 80' lang='lat' dir='ltr'><strong>wolfius</strong></span> <span class='ocrx_word' id='word_1_39' title='bbox 1155 1159 1202 1230; x_wconf 86' lang='lat' dir='ltr'><strong>ad</strong></span> <span class='ocrx_word' id='word_1_40' title='bbox 1218 1159 1329 1232; x_wconf 83' lang='lat' dir='ltr'><strong>Liba·</strong></span> 
     </span>
     <span class='ocr_line' id='line_1_8' title="bbox 326 1291 1331 1393; baseline 0 -25"><span class='ocrx_word' id='word_1_41' title='bbox 326 1299 382 1369; x_wconf 86' lang='lat' dir='ltr'><strong>nii</strong></span> <span class='ocrx_word' id='word_1_42' title='bbox 405 1295 611 1393; x_wconf 83' lang='lat' dir='ltr'><strong>Epistolar.</strong></span> <span class='ocrx_word' id='word_1_43' title='bbox 637 1291 760 1363; x_wconf 80' lang='lat' dir='ltr'><strong>adhuc</strong></span> <span class='ocrx_word' id='word_1_44' title='bbox 793 1317 871 1364; x_wconf 86' lang='lat' dir='ltr'><strong>non</strong></span> <span class='ocrx_word' id='word_1_45' title='bbox 901 1292 1089 1362; x_wconf 77' lang='lat' dir='ltr'><strong>editarum</strong></span> <span class='ocrx_word' id='word_1_46' title='bbox 1124 1298 1331 1383; x_wconf 79' lang='lat' dir='ltr'><strong>centuriam</strong></span> 
     </span>
     <span class='ocr_line' id='line_1_9' title="bbox 327 1427 1328 1526; baseline 0.001 -21"><span class='ocrx_word' id='word_1_47' title='bbox 327 1454 359 1506; x_wconf 79' lang='lat' dir='ltr'><strong>a.</strong></span> <span class='ocrx_word' id='word_1_48' title='bbox 400 1457 432 1526; x_wconf 91' lang='lat' dir='ltr'><strong>p.</strong></span> <span class='ocrx_word' id='word_1_49' title='bbox 470 1453 501 1504; x_wconf 92' lang='lat'><strong>1.</strong></span> <span class='ocrx_word' id='word_1_50' title='bbox 544 1427 735 1499; x_wconf 89' lang='lat' dir='ltr'><strong>Meursius</strong></span> <span class='ocrx_word' id='word_1_51' title='bbox 777 1427 824 1498; x_wconf 84' lang='lat' dir='ltr'><strong>ad</strong></span> <span class='ocrx_word' id='word_1_52' title='bbox 859 1427 1093 1519; x_wconf 82' lang='lat' dir='ltr'><strong>Hesychium</strong></span> <span class='ocrx_word' id='word_1_53' title='bbox 1131 1432 1328 1507; x_wconf 87' lang='lat' dir='ltr'><strong>Milesium</strong></span> 
     </span>
    </p>
   </div>
   <div class='ocr_carea' id='block_1_6' title="bbox 174 1561 1328 1661">
    <p class='ocr_par' dir='ltr' id='par_1_6' title="bbox 174 1561 1328 1661">
     <span class='ocr_line' id='line_1_10' title="bbox 174 1561 1328 1661; baseline 0.003 -25"><span class='ocrx_word' id='word_1_54' title='bbox 174 1577 182 1593; x_wconf 78' lang='lat'><strong>¹</strong></span> <span class='ocrx_word' id='word_1_55' title='bbox 268 1630 271 1636; x_wconf 93' lang='grc'><em>,</em></span> <span class='ocrx_word' id='word_1_56' title='bbox 322 1563 582 1661; x_wconf 79' lang='lat' dir='ltr'><strong>p,128.‚alii.</strong></span> <span class='ocrx_word' id='word_1_57' title='bbox 635 1566 757 1636; x_wconf 85' lang='lat' dir='ltr'><strong>Serius</strong></span> <span class='ocrx_word' id='word_1_58' title='bbox 782 1561 944 1638; x_wconf 77' lang='lat' dir='ltr'><strong>secundo</strong></span> <span class='ocrx_word' id='word_1_59' title='bbox 969 1588 1005 1658; x_wconf 84' lang='lat' dir='ltr'><strong>p.</strong></span> <span class='ocrx_word' id='word_1_60' title='bbox 1033 1564 1116 1637; x_wconf 87' lang='lat' dir='ltr'><strong>Chr.</strong></span> <span class='ocrx_word' id='word_1_61' title='bbox 1141 1590 1178 1640; x_wconf 92' lang='lat' dir='ltr'><strong>n.</strong></span> <span class='ocrx_word' id='word_1_62' title='bbox 1205 1589 1328 1639; x_wconf 84' lang='lat' dir='ltr'><strong>saccu-</strong></span> 
     </span>
    </p>
   </div>
   <div class='ocr_carea' id='block_1_7' title="bbox 322 1698 1329 1800">
    <p class='ocr_par' dir='ltr' id='par_1_7' title="bbox 322 1698 1329 1800">
     <span class='ocr_line' id='line_1_11' title="bbox 322 1698 1329 1800; baseline 0.002 -28"><span class='ocrx_word' id='word_1_63' title='bbox 322 1703 403 1772; x_wconf 91' lang='lat' dir='ltr'><strong>lum</strong></span> <span class='ocrx_word' id='word_1_64' title='bbox 438 1699 515 1770; x_wconf 87' lang='lat' dir='ltr'><strong>eius</strong></span> <span class='ocrx_word' id='word_1_65' title='bbox 549 1715 705 1768; x_wconf 88' lang='lat' dir='ltr'><strong>aetatem</strong></span> <span class='ocrx_word' id='word_1_66' title='bbox 737 1721 909 1793; x_wconf 85' lang='lat' dir='ltr'><strong>superare</strong></span> <span class='ocrx_word' id='word_1_67' title='bbox 940 1722 1019 1769; x_wconf 89' lang='lat' dir='ltr'><strong>non</strong></span> <span class='ocrx_word' id='word_1_68' title='bbox 1052 1698 1139 1770; x_wconf 90' lang='lat' dir='ltr'><strong>sinit</strong></span> <span class='ocrx_word' id='word_1_69' title='bbox 1162 1703 1329 1800; x_wconf 82' lang='lat' dir='ltr'>Longini</span> 
     </span>
    </p>
   </div>
   <div class='ocr_carea' id='block_1_8' title="bbox 320 1833 1431 1930">
    <p class='ocr_par' dir='ltr' id='par_1_8' title="bbox 320 1833 1431 1930">
     <span class='ocr_line' id='line_1_12' title="bbox 320 1833 1431 1930; baseline 0.005 -23"><span class='ocrx_word' id='word_1_70' title='bbox 320 1837 425 1908; x_wconf 84' lang='lat' dir='ltr'><strong>locus</strong></span> <span class='ocrx_word' id='word_1_71' title='bbox 452 1858 563 1930; x_wconf 87' lang='lat' dir='ltr'><strong>supra</strong></span> <span class='ocrx_word' id='word_1_72' title='bbox 589 1833 797 1930; x_wconf 79' lang='lat' dir='ltr'><strong>appositust</strong></span> <span class='ocrx_word' id='word_1_73' title='bbox 836 1858 954 1930; x_wconf 89' lang='lat' dir='ltr'><strong>quum</strong></span> <span class='ocrx_word' id='word_1_74' title='bbox 989 1852 1112 1904; x_wconf 88' lang='lat' dir='ltr'><strong>autem</strong></span> <span class='ocrx_word' id='word_1_75' title='bbox 1138 1837 1239 1907; x_wconf 85' lang='lat' dir='ltr'><strong>casui</strong></span> <span class='ocrx_word' id='word_1_76' title='bbox 1263 1843 1329 1912; x_wconf 84' lang='lat' dir='ltr'><strong>vix</strong></span> <span class='ocrx_word' id='word_1_77' title='bbox 1430 1861 1431 1874; x_wconf 62' lang='lat'>¹</span> 
     </span>
    </p>
   </div>
   <div class='ocr_carea' id='block_1_9' title="bbox 320 1967 1431 2070">
    <p class='ocr_par' dir='ltr' id='par_1_9' title="bbox 320 1967 1431 2070">
     <span class='ocr_line' id='line_1_13' title="bbox 320 1967 1431 2070; baseline 0.001 -26"><span class='ocrx_word' id='word_1_78' title='bbox 320 1969 483 2044; x_wconf 84' lang='lat' dir='ltr'><strong>dandum</strong></span> <span class='ocrx_word' id='word_1_79' title='bbox 521 1993 599 2040; x_wconf 86' lang='lat' dir='ltr'><strong>esse</strong></span> <span class='ocrx_word' id='word_1_80' title='bbox 639 1967 827 2053; x_wconf 87' lang='lat' dir='ltr'><strong>videatur,</strong></span> <span class='ocrx_word' id='word_1_81' title='bbox 870 1994 944 2042; x_wconf 86' lang='lat' dir='ltr'><strong>una</strong></span> <span class='ocrx_word' id='word_1_82' title='bbox 982 1994 1069 2042; x_wconf 90' lang='lat' dir='ltr'><strong>cum</strong></span> <span class='ocrx_word' id='word_1_83' title='bbox 1102 1973 1329 2065; x_wconf 82' lang='lat' dir='ltr'><strong>Apollonio,</strong></span> <span class='ocrx_word' id='word_1_84' title='bbox 1430 2007 1431 2070; x_wconf 65' lang='lat'>3</span> 
     </span>
    </p>
   </div>
   <div class='ocr_carea' id='block_1_10' title="bbox 318 2102 1326 2336">
    <p class='ocr_par' dir='ltr' id='par_1_10' title="bbox 318 2102 1326 2336">
     <span class='ocr_line' id='line_1_14' title="bbox 319 2102 1326 2204; baseline -0.001 -24"><span class='ocrx_word' id='word_1_85' title='bbox 319 2104 488 2180; x_wconf 90' lang='lat' dir='ltr'><strong>Archibii</strong></span> <span class='ocrx_word' id='word_1_86' title='bbox 512 2102 612 2189; x_wconf 88' lang='lat' dir='ltr'><strong>filio,</strong></span> <span class='ocrx_word' id='word_1_87' title='bbox 644 2102 858 2174; x_wconf 84' lang='lat' dir='ltr'><strong>Aristarcho</strong></span> <span class='ocrx_word' id='word_1_88' title='bbox 884 2103 1040 2200; x_wconf 84' lang='lat' dir='ltr'><strong>aliisque</strong></span> <span class='ocrx_word' id='word_1_89' title='bbox 1065 2105 1177 2175; x_wconf 89' lang='lat' dir='ltr'><strong>huius</strong></span> <span class='ocrx_word' id='word_1_90' title='bbox 1204 2111 1326 2204; x_wconf 85' lang='lat' dir='ltr'><strong>gregis</strong></span> 
     </span>
     <span class='ocr_line' id='line_1_15' title="bbox 318 2202 1325 2336; baseline -0.001 -21"><span class='ocrx_word' id='word_1_91' title='bbox 318 2239 570 2316; x_wconf 82' lang='lat' dir='ltr'><strong>Grammaticis</strong></span> <span class='ocrx_word' id='word_1_92' title='bbox 602 2238 745 2332; x_wconf 85' lang='lat' dir='ltr'><strong>saepius</strong></span> <span class='ocrx_word' id='word_1_93' title='bbox 771 2243 953 2312; x_wconf 88' lang='lat' dir='ltr'><strong>Nostrum</strong></span> <span class='ocrx_word' id='word_1_94' title='bbox 986 2202 1165 2336; x_wconf 58' lang='lat' dir='ltr'><strong>adriellari</strong></span> <span class='ocrx_word' id='word_1_95' title='bbox 1179 2240 1210 2328; x_wconf 84' lang='grc'><strong>*,</strong></span> <span class='ocrx_word' id='word_1_96' title='bbox 1249 2267 1325 2326; x_wconf 88' lang='lat' dir='ltr'><strong>non</strong></span> 
     </span>
    </p>
   </div>
   <div class='ocr_carea' id='block_1_11' title="bbox 318 2374 1325 2474">
    <p class='ocr_par' dir='ltr' id='par_1_11' title="bbox 318 2374 1325 2474">
     <span class='ocr_line' id='line_1_16' title="bbox 318 2374 1325 2474; baseline 0.003 -26"><span class='ocrx_word' id='word_1_97' title='bbox 318 2379 417 2448; x_wconf 86' lang='lat' dir='ltr'><strong>male</strong></span> <span class='ocrx_word' id='word_1_98' title='bbox 434 2374 616 2463; x_wconf 83' lang='lat' dir='ltr'><strong>coniicias,</strong></span> <span class='ocrx_word' id='word_1_99' title='bbox 642 2374 894 2446; x_wconf 88' lang='lat' dir='ltr'><strong>Philoxenum</strong></span> <span class='ocrx_word' id='word_1_100' title='bbox 912 2374 1044 2448; x_wconf 84' lang='lat' dir='ltr'><strong>eodem</strong></span> <span class='ocrx_word' id='word_1_101' title='bbox 1060 2375 1138 2448; x_wconf 78' lang='lat' dir='ltr'><strong>fere</strong></span> <span class='ocrx_word' id='word_1_102' title='bbox 1156 2394 1325 2474; x_wconf 87' lang='lat' dir='ltr'><strong>tempore</strong></span> 
     </span>
    </p>
   </div>
   <div class='ocr_carea' id='block_1_12' title="bbox 319 2509 1076 2589">
    <p class='ocr_par' dir='ltr' id='par_1_12' title="bbox 319 2509 1076 2589">
     <span class='ocr_line' id='line_1_17' title="bbox 319 2509 1076 2589; baseline 0.001 -6"><span class='ocrx_word' id='word_1_103' title='bbox 319 2511 360 2589; x_wconf 84' lang='lat' dir='ltr'><strong>h.</strong></span> <span class='ocrx_word' id='word_1_104' title='bbox 387 2535 416 2583; x_wconf 90' lang='lat' dir='ltr'><strong>e.</strong></span> <span class='ocrx_word' id='word_1_105' title='bbox 442 2510 587 2580; x_wconf 84' lang='lat' dir='ltr'><strong>saeculo</strong></span> <span class='ocrx_word' id='word_1_106' title='bbox 614 2526 698 2580; x_wconf 89' lang='lat' dir='ltr'><strong>ante</strong></span> <span class='ocrx_word' id='word_1_107' title='bbox 723 2509 810 2588; x_wconf 82' lang='lat' dir='ltr'><strong>Chr.</strong></span> <span class='ocrx_word' id='word_1_108' title='bbox 836 2536 872 2581; x_wconf 88' lang='lat' dir='ltr'><strong>n.</strong></span> <span class='ocrx_word' id='word_1_109' title='bbox 898 2509 1076 2584; x_wconf 88' lang='lat' dir='ltr'><strong>floruisse.</strong></span> 
     </span>
    </p>
   </div>
   <div class='ocr_carea' id='block_1_13' title="bbox 417 2711 1430 2807">
    <p class='ocr_par' dir='ltr' id='par_1_13' title="bbox 417 2711 1430 2807">
     <span class='ocr_line' id='line_1_18' title="bbox 417 2711 1430 2807; baseline -0.003 -22"><span class='ocrx_word' id='word_1_110' title='bbox 417 2719 546 2785; x_wconf 83' lang='lat' dir='ltr'><strong>Restat</strong></span> <span class='ocrx_word' id='word_1_111' title='bbox 570 2726 613 2782; x_wconf 89' lang='lat' dir='ltr'><strong>ut</strong></span> <span class='ocrx_word' id='word_1_112' title='bbox 639 2733 755 2807; x_wconf 91' lang='lat' dir='ltr'><strong>quum</strong></span> <span class='ocrx_word' id='word_1_113' title='bbox 779 2711 819 2782; x_wconf 92' lang='lat' dir='ltr'><strong>in</strong></span> <span class='ocrx_word' id='word_1_114' title='bbox 845 2711 1096 2806; x_wconf 80' lang='lat' dir='ltr'><strong>permutandis</strong></span> <span class='ocrx_word' id='word_1_115' title='bbox 1117 2711 1324 2806; x_wconf 75' lang='lat' dir='ltr'><strong>Philoxeni,</strong></span> <span class='ocrx_word' id='word_1_116' title='bbox 1399 2719 1401 2726; x_wconf 88' lang='grc'><strong>’</strong></span> <span class='ocrx_word' id='word_1_117' title='bbox 1428 2727 1430 2782; x_wconf 68' lang='lat' dir='ltr'><strong>t</strong></span> 
     </span>
    </p>
   </div>
   <div class='ocr_carea' id='block_1_14' title="bbox 206 2844 1430 2950">
    <p class='ocr_par' dir='ltr' id='par_1_14' title="bbox 206 2844 1430 2950">
     <span class='ocr_line' id='line_1_19' title="bbox 206 2844 1430 2950; baseline -0.003 -26"><span class='ocrx_word' id='word_1_118' title='bbox 206 2930 208 2934; x_wconf 86' lang='lat'><em>.</em></span> <span class='ocrx_word' id='word_1_119' title='bbox 318 2846 559 2934; x_wconf 84' lang='lat' dir='ltr'><strong>Philemonis,</strong></span> <span class='ocrx_word' id='word_1_120' title='bbox 590 2844 759 2917; x_wconf 86' lang='lat' dir='ltr'><strong>Philonis</strong></span> <span class='ocrx_word' id='word_1_121' title='bbox 783 2849 997 2920; x_wconf 89' lang='lat' dir='ltr'><strong>nominibus</strong></span> <span class='ocrx_word' id='word_1_122' title='bbox 1021 2851 1241 2926; x_wconf 84' lang='lat' dir='ltr'><strong>nonnemini</strong></span> <span class='ocrx_word' id='word_1_123' title='bbox 1267 2853 1323 2922; x_wconf 89' lang='lat' dir='ltr'><strong>ni·</strong></span> <span class='ocrx_word' id='word_1_124' title='bbox 1429 2869 1430 2950; x_wconf 28' lang='grc' dir='ltr'>ζ</span> 
     </span>
    </p>
   </div>
   <div class='ocr_carea' id='block_1_15' title="bbox 316 2981 1322 3070">
    <p class='ocr_par' dir='ltr' id='par_1_15' title="bbox 316 2981 1322 3070">
     <span class='ocr_line' id='line_1_20' title="bbox 316 2981 1322 3070; baseline -0.002 -10"><span class='ocrx_word' id='word_1_125' title='bbox 316 2987 387 3060; x_wconf 85' lang='lat' dir='ltr'><strong>mis</strong></span> <span class='ocrx_word' id='word_1_126' title='bbox 413 2985 565 3057; x_wconf 86' lang='lat' dir='ltr'><strong>fortasse</strong></span> <span class='ocrx_word' id='word_1_127' title='bbox 589 2981 713 3053; x_wconf 82' lang='lat' dir='ltr'><strong>faciles</strong></span> <span class='ocrx_word' id='word_1_128' title='bbox 746 2982 817 3053; x_wconf 88' lang='lat' dir='ltr'><strong>visi</strong></span> <span class='ocrx_word' id='word_1_129' title='bbox 849 2986 980 3070; x_wconf 86' lang='lat' dir='ltr'><strong>simus,</strong></span> <span class='ocrx_word' id='word_1_130' title='bbox 1018 2983 1064 3056; x_wconf 85' lang='lat' dir='ltr'><strong>ad</strong></span> <span class='ocrx_word' id='word_1_131' title='bbox 1098 2985 1172 3057; x_wconf 87' lang='lat' dir='ltr'><strong>viri</strong></span> <span class='ocrx_word' id='word_1_132' title='bbox 1196 3005 1322 3058; x_wconf 90' lang='lat' dir='ltr'><strong>aucto·</strong></span> 
     </span>
    </p>
   </div>
   <div class='ocr_carea' id='block_1_16' title="bbox 223 3275 1430 3468">
    <p class='ocr_par' dir='ltr' id='par_1_16' title="bbox 223 3275 1430 3468">
     <span class='ocr_line' id='line_1_21' title="bbox 316 3275 1430 3358; baseline 0.003 -19"><span class='ocrx_word' id='word_1_133' title='bbox 316 3281 360 3353; x_wconf 75' lang='lat'><strong>36·</strong></span> <span class='ocrx_word' id='word_1_134' title='bbox 389 3278 554 3336; x_wconf 84' lang='lat' dir='ltr'><strong>Larcherua</strong></span> <span class='ocrx_word' id='word_1_135' title='bbox 580 3277 669 3335; x_wconf 80' lang='lat' dir='ltr'><strong>affert.</strong></span> <span class='ocrx_word' id='word_1_136' title='bbox 692 3275 854 3350; x_wconf 81' lang='lat' dir='ltr'><strong>Phrynich.</strong></span> <span class='ocrx_word' id='word_1_137' title='bbox 877 3277 982 3358; x_wconf 74' lang='lat' dir='ltr'><strong>Eelog.</strong></span> <span class='ocrx_word' id='word_1_138' title='bbox 1004 3298 1034 3356; x_wconf 82' lang='lat' dir='ltr'><strong>p.</strong></span> <span class='ocrx_word' id='word_1_139' title='bbox 1058 3295 1102 3352; x_wconf 79' lang='lat'><strong>31.</strong></span> <span class='ocrx_word' id='word_1_140' title='bbox 1122 3281 1168 3337; x_wconf 83' lang='lat' dir='ltr'><strong>ad.</strong></span> <span class='ocrx_word' id='word_1_141' title='bbox 1185 3280 1319 3357; x_wconf 77' lang='lat' dir='ltr'><strong>Lobeck.</strong></span> <span class='ocrx_word' id='word_1_142' title='bbox 1429 3335 1430 3342; x_wconf 72' lang='grc'>,</span> 
     </span>
     <span class='ocr_line' id='line_1_22' title="bbox 223 3379 1320 3468; baseline 0.006 -31"><span class='ocrx_word' id='word_1_143' title='bbox 223 3442 225 3449; x_wconf 50' lang='grc'><strong>,</strong></span> <span class='ocrx_word' id='word_1_144' title='bbox 315 3381 406 3468; x_wconf 70' lang='lat' dir='ltr'><strong>Plura</strong></span> <span class='ocrx_word' id='word_1_145' title='bbox 428 3380 551 3455; x_wconf 80' lang='lat' dir='ltr'><strong>colligaa</strong></span> <span class='ocrx_word' id='word_1_146' title='bbox 573 3400 611 3437; x_wconf 81' lang='lat' dir='ltr'><strong>ax</strong></span> <span class='ocrx_word' id='word_1_147' title='bbox 637 3379 777 3436; x_wconf 75' lang='lat' dir='ltr'><strong>indicibus</strong></span> <span class='ocrx_word' id='word_1_148' title='bbox 800 3381 996 3459; x_wconf 75' lang='lat' dir='ltr'><strong>Etymologici</strong></span> <span class='ocrx_word' id='word_1_149' title='bbox 1018 3384 1069 3443; x_wconf 88' lang='lat' dir='ltr'><strong>M.</strong></span> <span class='ocrx_word' id='word_1_150' title='bbox 1093 3399 1122 3438; x_wconf 80' lang='lat' dir='ltr'><strong>et</strong></span> <span class='ocrx_word' id='word_1_151' title='bbox 1145 3384 1274 3442; x_wconf 80' lang='lat' dir='ltr'><strong>Gudiani</strong></span> <span class='ocrx_word' id='word_1_152' title='bbox 1290 3404 1320 3444; x_wconf 79' lang='lat' dir='ltr'><strong>a.</strong></span> 
     </span>
    </p>
   </div>
   <div class='ocr_carea' id='block_1_17' title="bbox 315 3501 540 3560">
    <p class='ocr_par' dir='ltr' id='par_1_17' title="bbox 315 3501 540 3560">
     <span class='ocr_line' id='line_1_23' title="bbox 315 3501 540 3560; baseline -0.013 -18"><span class='ocrx_word' id='word_1_153' title='bbox 315 3501 438 3560; x_wconf 85' lang='lat' dir='ltr'><strong>utraque</strong></span> <span class='ocrx_word' id='word_1_154' title='bbox 455 3503 540 3540; x_wconf 84' lang='lat' dir='ltr'><strong>voce.</strong></span> 
     </span>
    </p>
   </div>
   <div class='ocr_carea' id='block_1_18' title="bbox 1428 2991 1430 3435">
    <p class='ocr_par' dir='ltr' id='par_1_18' title="bbox 1428 2991 1430 3435">
     <span class='ocr_line' id='line_1_24' title="bbox 1428 2991 1430 3084; baseline 0 0"><span class='ocrx_word' id='word_1_155' title='bbox 1428 2991 1430 3084; x_wconf 74' lang='lat' dir='ltr'><strong>i</strong></span> 
     </span>
     <span class='ocr_line' id='line_1_25' title="bbox 1428 3347 1430 3435; baseline 0 0"><span class='ocrx_word' id='word_1_156' title='bbox 1428 3347 1430 3435; x_wconf 75' lang='lat' dir='ltr'><strong>i</strong></span> 
     </span>
    </p>
   </div>
   <div class='ocr_carea' id='block_1_19' title="bbox 370 3611 1427 3694">
    <p class='ocr_par' dir='ltr' id='par_1_19' title="bbox 370 3611 1427 3694">
     <span class='ocr_line' id='line_1_26' title="bbox 370 3611 1427 3694; baseline 0 -18"><span class='ocrx_word' id='word_1_157' title='bbox 370 3611 394 3651; x_wconf 58' lang='lat'><strong>&#39;⁶</strong></span> <span class='ocrx_word' id='word_1_158' title='bbox 428 3618 503 3676; x_wconf 81' lang='lat' dir='ltr'><strong>vids</strong></span> <span class='ocrx_word' id='word_1_159' title='bbox 527 3616 634 3674; x_wconf 69' lang='lat' dir='ltr'><strong>Athen.</strong></span> <span class='ocrx_word' id='word_1_160' title='bbox 660 3619 794 3692; x_wconf 83' lang='lat' dir='ltr'><strong>Epitom.</strong></span> <span class='ocrx_word' id='word_1_161' title='bbox 819 3633 847 3674; x_wconf 80' lang='lat'><strong>2.</strong></span> <span class='ocrx_word' id='word_1_162' title='bbox 878 3634 909 3694; x_wconf 81' lang='lat' dir='ltr'><strong>p.</strong></span> <span class='ocrx_word' id='word_1_163' title='bbox 935 3633 979 3690; x_wconf 58' lang='grc' dir='ltr'><strong>ὦ.</strong></span> <span class='ocrx_word' id='word_1_164' title='bbox 1006 3618 1041 3674; x_wconf 77' lang='grc' dir='ltr'><strong>Δ.</strong></span> <span class='ocrx_word' id='word_1_165' title='bbox 1069 3619 1107 3676; x_wconf 89' lang='grc' dir='ltr'><strong>Τ.</strong></span> <span class='ocrx_word' id='word_1_166' title='bbox 1136 3638 1161 3675; x_wconf 86' lang='lat'><strong>1.</strong></span> <span class='ocrx_word' id='word_1_167' title='bbox 1197 3639 1228 3694; x_wconf 82' lang='lat' dir='ltr'><strong>p.</strong></span> <span class='ocrx_word' id='word_1_168' title='bbox 1249 3632 1317 3682; x_wconf 76' lang='lat' dir='ltr'><strong>¹ttoa.</strong></span> <span class='ocrx_word' id='word_1_169' title='bbox 1424 3629 1427 3637; x_wconf 96' lang='grc'>’</span> 
     </span>
    </p>
   </div>
   <div class='ocr_carea' id='block_1_20' title="bbox 315 3719 1318 3800">
    <p class='ocr_par' dir='ltr' id='par_1_20' title="bbox 315 3719 1318 3800">
     <span class='ocr_line' id='line_1_27' title="bbox 315 3719 1318 3800; baseline -0.001 -22"><span class='ocrx_word' id='word_1_170' title='bbox 315 3722 483 3800; x_wconf 79' lang='lat' dir='ltr'><strong>Schweigh.</strong></span> <span class='ocrx_word' id='word_1_171' title='bbox 495 3719 702 3798; x_wconf 82' lang='lat' dir='ltr'><strong>Etymologici</strong></span> <span class='ocrx_word' id='word_1_172' title='bbox 717 3723 785 3798; x_wconf 82' lang='lat' dir='ltr'><strong>Reg.</strong></span> <span class='ocrx_word' id='word_1_173' title='bbox 800 3723 865 3776; x_wconf 83' lang='lat' dir='ltr'><strong>MS.</strong></span> <span class='ocrx_word' id='word_1_174' title='bbox 878 3722 1073 3798; x_wconf 76' lang='lat' dir='ltr'><strong>fragmentum</strong></span> <span class='ocrx_word' id='word_1_175' title='bbox 1087 3721 1164 3794; x_wconf 86' lang='lat' dir='ltr'><strong>apud</strong></span> <span class='ocrx_word' id='word_1_176' title='bbox 1175 3719 1318 3778; x_wconf 80' lang='lat' dir='ltr'><strong>Valcken.</strong></span> 
     </span>
    </p>
   </div>
   <div class='ocr_carea' id='block_1_21' title="bbox 315 3822 1429 3997">
    <p class='ocr_par' dir='ltr' id='par_1_21' title="bbox 315 3822 1429 4000">
     <span class='ocr_line' id='line_1_28' title="bbox 315 3822 1429 3900; baseline 0 -22"><span class='ocrx_word' id='word_1_177' title='bbox 315 3823 411 3879; x_wconf 87' lang='lat' dir='ltr'><strong>Diatr.</strong></span> <span class='ocrx_word' id='word_1_178' title='bbox 435 3843 464 3899; x_wconf 63' lang='grc' dir='ltr'><strong>ρ.</strong></span> <span class='ocrx_word' id='word_1_179' title='bbox 482 3839 543 3880; x_wconf 79' lang='lat'><strong>200.</strong></span> <span class='ocrx_word' id='word_1_180' title='bbox 569 3823 833 3880; x_wconf 75' lang='lat' dir='ltr'><strong>Grammaticorum</strong></span> <span class='ocrx_word' id='word_1_181' title='bbox 857 3822 1122 3879; x_wconf 76' lang='lat' dir='ltr'><strong>Alexandrinorum</strong></span> <span class='ocrx_word' id='word_1_182' title='bbox 1146 3822 1317 3878; x_wconf 78' lang='lat' dir='ltr'><strong>indiculum</strong></span> <span class='ocrx_word' id='word_1_183' title='bbox 1428 3875 1429 3900; x_wconf 21' lang='grc' dir='ltr'>ᾖ</span> 
     </span>
     <span class='ocr_line' id='line_1_29' title="bbox 316 3923 1314 3997; baseline -0.002 -16"><span class='ocrx_word' id='word_1_184' title='bbox 316 3943 332 3981; x_wconf 85' lang='lat' dir='ltr'><strong>a</strong></span> <span class='ocrx_word' id='word_1_185' title='bbox 355 3925 429 3982; x_wconf 84' lang='lat' dir='ltr'><strong>Cod.</strong></span> <span class='ocrx_word' id='word_1_186' title='bbox 454 3927 563 3988; x_wconf 79' lang='lat' dir='ltr'><strong>Veneto</strong></span> <span class='ocrx_word' id='word_1_187' title='bbox 585 3927 699 3984; x_wconf 81' lang='lat' dir='ltr'><strong>editum</strong></span> <span class='ocrx_word' id='word_1_188' title='bbox 723 3927 757 3982; x_wconf 87' lang='lat' dir='ltr'><strong>in</strong></span> <span class='ocrx_word' id='word_1_189' title='bbox 780 3923 935 3982; x_wconf 79' lang='lat' dir='ltr'><strong>Thiarach.</strong></span> <span class='ocrx_word' id='word_1_190' title='bbox 957 3927 1021 3982; x_wconf 77' lang='lat' dir='ltr'><strong>Act.</strong></span> <span class='ocrx_word' id='word_1_191' title='bbox 1044 3923 1109 3982; x_wconf 80' lang='lat' dir='ltr'><strong>rol.</strong></span> <span class='ocrx_word' id='word_1_192' title='bbox 1132 3941 1162 3982; x_wconf 82' lang='lat' dir='ltr'><strong>a.</strong></span> <span class='ocrx_word' id='word_1_193' title='bbox 1189 3925 1261 3980; x_wconf 83' lang='lat' dir='ltr'><strong>fasc.</strong></span> <span class='ocrx_word' id='word_1_194' title='bbox 1286 3933 1314 3997; x_wconf 72' lang='lat'>4</span> 
     </span>
    </p>
   </div>
   <div class='ocr_carea' id='block_1_22' title="bbox 314 4032 425 4102">
    <p class='ocr_par' dir='ltr' id='par_1_22' title="bbox 314 4032 425 4102">
     <span class='ocr_line' id='line_1_30' title="bbox 314 4032 425 4102; baseline -0.009 0"><span class='ocrx_word' id='word_1_195' title='bbox 314 4032 425 4102; x_wconf 72' lang='grc' dir='ltr'><strong>Μθθ·</strong></span> 
     </span>
    </p>
   </div>
   <div class='ocr_carea' id='block_1_23' title="bbox 0 0 1460 5136">
    <p class='ocr_par' dir='ltr' id='par_1_23' title="bbox 0 0 1460 5136">
     <span class='ocr_line' id='line_1_31' title="bbox 0 0 1460 5136; baseline 0 3"><span class='ocrx_word' id='word_1_196' title='bbox 0 0 1460 5136; x_wconf 95' lang='lat' dir='ltr'><strong> </strong></span> 
     </span>
    </p>
   </div>
  </div>
 </body>
</html>
