2912 5136
490 1137 718 1252 Epim
747 1165 774 1224 e
802 1111 936 1226 t-r'u
964 1098 1041 1224 ττιΙι
1096 1136 1157 1224 Ι..

405 1354 602 1460 Theodosii
629 1339 1245 1463 Grammaticae'fragmentum'

708 1563 907 1578 Μ

247 1759 252 1780 ·
304 1716 360 1844 Iu
386 1743 658 1842 Prolegomenis
685 1743 752 1815 ubi
783 1741 830 1814 de
855 1741 1157 1816 Theodosiorum
1184 1711 1313 1816 Gram·
1436 1734 1437 1804 i

304 1883 527 1957 matioorum
557 1861 697 1954 familia
729 1879 1018 1977 disputavimus,
1062 1881 1164 1978 quod
1196 1849 1312 1952 verbo

303 2016 509 2115 tetigimus
529 1987 787 2088 testimonium
819 2013 1121 2122 'Idaeodosiorum
1156 2005 1313 2088 aetatem

305 2171 471 2249 spectans
499 2177 615 2248 quum
641 2151 776 2247 partim
801 2117 986 2224 ineditum
1005 2152 1063 2238 sit,
1090 2143 1230 2223 editum
1250 2171 1312 2224 au

304 2309 382 2363 tem
413 2309 491 2364 tam
521 2312 605 2356 raro
638 2286 736 2358 libro
773 2287 1024 2371 contineatur,
1054 2277 1110 2358 'ut
1143 2305 1194 2356 ne
1223 2257 1310 2400 pau

306 2448 436 2497 corum
462 2441 606 2494 tantum
634 2421 805 2495 manibus
832 2434 1000 2492 versetur
1025 2416 1244 2496 verendum
1253 2426 1311 2514 sit,

305 2557 445 2655 placuit
480 2539 757 2652 opportunitate
790 2557 859 2626 hae
889 2557 994 2627 ultro
1030 2551 1166 2630 oblata
1180 2560 1312 2634 locum

306 2692 475 2792 quamvis
500 2693 724 2800 longiorem,
760 2693 864 2792 cuius
888 2694 1071 2794 pautioula
1097 2694 1312 2765 testimonio

305 2831 363 2903 illi
394 2826 618 2925 proferendo
655 2822 873 2912 suffecisset,
906 2816 1029 2899 totum
1062 2853 1082 2897 e
1116 2828 1195 2900 cod,
1221 2835 1312 2928 Reg.

305 2967 416 3036 Paris.
421 2967 553 3056 2603.
569 2963 649 3036 hio
682 2960 942 3042 ,describerem
964 2970 1113 3058 Nempe
1140 2967 1243 3056 istest
1268 2967 1313 3036 ei

308 3099 428 3170 codici
454 3098 660 3169 Theodosii
686 3084 944 3170 Grammatico
955 3099 1104 3184 inedita,
1130 3100 1312 3214 Herodia

306 3235 356 3322 ni,
384 3235 416 3302 si
441 3233 534 3304 bene
550 3231 765 3317 observavi,
798 3245 959 3346 magnae
975 3209 1169 3350 prosodiae
1183 3237 1312 3348 epdo-

306 3393 368 3443 me
394 3367 518 3462 potius
545 3366 772 3463 appellanda,
799 3371 911 3464 quani
938 3369 1048 3441 etiam
1075 3373 1114 3441 iu
1140 3369 1220 3441 cod
1247 3375 1313 3442 Ba

307 3503 476 3574 rusciano
515 3519 596 3596 175.
628 3521 721 3574 teste
753 3503 963 3577 Villoisono
1000 3505 1145 3588 Anecd„
1178 3508 1310 3579 Graec,

307 3643 352 3725 Τ.
382 3659 415 3708 2.
441 3663 476 3733 p⁶
509 3661 611 3732 175„
637 3663 706 3709 neo
731 3661 807 3708 non
832 3640 871 3709 in
905 3639 984 3710 oud.
1012 3640 1243 3741 Taurinensi‚
1279 3641 1312 3709 si

307 3791 406 3844 recte
444 3791 566 3844 narrat
595 3757 788 3864 Peyronus
829 3776 949 3848 Notit.
991 3779 1101 3848 MSS.
1137 3771 1312 3846 Biblioth.

238 3935 249 3958 τ
314 3907 529 3982 Taurinam.
556 3934 591 4003 p.
618 3931 696 3998 55„
734 3932 906 3980 necnon
933 3909 1022 3978 alibi
1049 3911 1185 3982 servari
1211 3909 1314 3980 vide-

303 4056 391 4116 tur:
418 4041 464 4115 de
491 4068 562 4142 qua
588 4071 622 4120 v,
648 4048 863 4137 Peyronum
889 4043 1035 4119 erudite
1062 4044 1313 4143 disputantem
