2904 5150
769 340 867 394 xvur
934 324 936 329 ’

421 527 523 620 Quae
547 538 764 618 argumenta
789 519 859 591 etsi
884 521 964 630 ipse
979 521 1151 622 intelligo
1175 540 1328 600 tantum

318 681 396 736 aon
421 659 564 746 valere,
601 676 646 737 ut
659 655 928 730 -Philemonem
953 680 1039 732 cum
1054 661 1328 758 Hypereschio

319 794 474 869 candem
499 808 656 872 aetatem
681 795 843 890 attigisse
869 808 971 864 certo
994 793 1174 883 evincant,
1198 813 1327 878 tamen

319 955 397 1030 quo
424 930 546 1002 minus
569 927 796 1000 Philemonis
822 927 900 1000 vita
924 928 1015 1000 citra
1031 932 1249 1030 Etymologi
1265 929 1326 1010 M

318 1088 452 1139 aevum
483 1061 709 1159 depellatur,
749 1061 904 1138 minime
938 1064 1147 1159 patiuntur:
1191 1064 1327 1164 quodsi

270 1269 277 1273 .
318 1176 389 1272 hac
419 1197 731 1287 demonstratione
762 1199 899 1294 liquet,
935 1201 1056 1273 etiam,
1076 1202 1160 1298 plus
1185 1203 1327 1276 virium

317 1353 580 1432 argumentum
604 1333 826 1407 nanciscitur
851 1358 882 1407 a,
896 1332 1043 1408 dicendi
1068 1361 1221 1436 genere,
1248 1362 1325 1433 quo

318 1470 491 1544 Philemo
516 1494 604 1543 usus
630 1471 696 1555 sit,
725 1470 896 1567 petitum.
946 1474 1032 1542 Hoc
1058 1473 1215 1546 enimsi
1239 1497 1327 1546 cum

318 1605 576 1704 Etymologici
614 1605 818 1682 locutione
845 1607 1132 1713 comparaveris,
1172 1610 1326 1680 avitiis

318 1739 452 1816 seriori
481 1738 635 1814 demum
666 1764 756 1814 aevo
792 1711 953 1838 propriis
985 1741 1249 1817 nonnihildum
1278 1745 1326 1815 lis·

235 1942 236 1946 ,
316 1871 464 1962 berum,
489 1874 650 1950 necdum
679 1875 825 1973 vulgari
847 1900 921 1948 usu
944 1896 1020 1952 tam
1045 1877 1325 1974 pessumdatum

297 2009 581 2106 ‘adpellandum
620 2011 691 2085 tibi
724 2009 934 2100 videbitur,
977 2015 1126 2109 qualem
1163 2032 1325 2087 exeunte
1436 2009 1437 2036 ¹

316 2144 444 2222 medio
488 2171 579 2220 aevo
621 2147 881 2246 graecitatem,
932 2165 1044 2221 exuta
1091 2148 1245 2246 pristina
1286 2164 1325 2220 et

316 2281 485 2355 ubertate
516 2301 555 2355 et
586 2308 712 2357 severa
743 2283 925 2360 sermonis
956 2285 1097 2380 recepti
1127 2289 1324 2360 observan-

317 2415 370 2488 tia
416 2417 746 2512 perhorrescimus.
825 2426 927 2514 Quae
968 2419 1118 2514 linguae
1158 2419 1327 2514 ingrave-

318 2568 442 2622 scente
477 2552 673 2645 paullatim
710 2575 804 2625 aevo
844 2553 1069 2648 corruptela,
1112 2575 1206 2647 quae
1247 2551 1325 2644 ipsa

318 2685 505 2760 elementa
531 2687 659 2761 Graeci
685 2688 865 2784 sermonis
890 2687 1143 2784 transmigrari
1176 2685 1324 2769 sineret,
1369 2662 1372 2668 ,

315 2845 387 2918 per
419 2838 544 2893 totum
574 2823 880 2922 Etymologicum
904 2827 963 2900 M.
996 2846 1133 2918 sparsa,
1175 2821 1250 2893 iam
1282 2819 1323 2894 iu

317 2957 458 3031 Orione
489 2957 760 3045 increbescens,
801 2960 841 3030 in
872 2958 1098 3031 Philomone
1133 2980 1221 3028 raro
1238 3020 1240 3023 μ
1259 2955 1322 3028 ad·

315 3091 474 3166 modum
498 3111 667 3171 notatur:
706 3093 811 3166 ouius
836 3094 893 3175 rei
918 3095 1041 3166 solum
1061 3091 1240 3191 equidem
1265 3092 1321 3162 lo·

317 3249 402 3298 cum
428 3229 584 3303 memini
610 3235 642 3316 §.
671 3235 755 3326 245.
779 3255 815 3326 p.
836 3253 918 3325 17⁰·
944 3221 977 3301 oi
1000 3225 1046 3308 εἰς
1070 3220 1135 3308 τοὶς
1159 3217 1322 3325 recipitur

316 3358 492 3444 οἰκοῦντες.
551 3354 730 3462 'Denique
761 3365 1019 3438 Philemonem
1053 3365 1085 3435 si
1116 3387 1138 3434 e
1174 3361 1320 3458 uulgari

315 3495 513 3572 doctorum
538 3502 722 3596 'opinione
748 3503 894 3574 saeculo
920 3505 1005 3578 XII.
1035 3499 1179 3572 vixisse>
1206 3521 1320 3614 poue·

315 3657 391 3722 res,
434 3653 669 3732 praeceptum
708 3641 787 3710 eius
820 3634 852 3730 β’.
880 3640 964 3710 261.
1003 3659 1037 3732 p.
1067 3641 1150 3728 184
1188 3657 1319 3705 vocem

315 3764 468 3859 φιλῆτης
501 3796 548 3844 ex
572 3772 741 3845 Hesiodo
773 3773 959 3846 laudatam
994 3788 1177 3866 spectans,
1214 3765 1320 3865 quod

313 3896 387 3976 rael
410 3903 475 3979 coit
501 3905 660 3979 παλαιῶν
682 3904 907 4001 σχολιαστῶν
933 3932 971 3978 se
992 3904 1126 3995 debere
1151 3909 1231 4001 ipse
1257 3901 1319 3974 ad·
1409 3956 1411 3963 .

313 4043 475 4138 uomvit,
523 4047 565 4120 in
601 4050 655 4120 10.
690 4048 849 4120 Tzetzae
888 4043 1039 4119 scholiis
1078 4041 1126 4116 ad
1158 4035 1318 4117 Hesiodi
