<?xml version="1.0" encoding="UTF-8"?>
<!DOCTYPE html PUBLIC "-//W3C//DTD XHTML 1.0 Transitional//EN"
    "http://www.w3.org/TR/xhtml1/DTD/xhtml1-transitional.dtd">
<html xmlns="http://www.w3.org/1999/xhtml" xml:lang="en" lang="en">
 <head>
  <title>
</title>
<meta http-equiv="Content-Type" content="text/html;charset=utf-8" />
  <meta name='ocr-system' content='tesseract 3.04.00' />
  <meta name='ocr-capabilities' content='ocr_page ocr_carea ocr_par ocr_line ocrx_word'/>
</head>
<body>
  <div class='ocr_page' id='page_1' title='image "./philemonisgramm00diasgoog_0341.png"; bbox 0 0 2912 5136; ppageno 0'>
   <div class='ocr_carea' id='block_1_1' title="bbox 249 1157 1037 1337">
    <p class='ocr_par' dir='ltr' id='par_1_1' title="bbox 249 1157 1037 1337">
     <span class='ocr_line' id='line_1_1' title="bbox 249 1157 1037 1337; baseline -0.003 -33"><span class='ocrx_word' id='word_1_1' title='bbox 249 1216 798 1332; x_wconf 16' lang='lat' dir='ltr'><strong>*Epimetrum</strong></span> <span class='ocrx_word' id='word_1_2' title='bbox 882 1213 945 1306; x_wconf 88' lang='lat'><strong>11.</strong></span> <span class='ocrx_word' id='word_1_3' title='bbox 1006 1157 1037 1337; x_wconf 74' lang='grc' dir='ltr'><strong> </strong></span> 
     </span>
    </p>
   </div>
   <div class='ocr_carea' id='block_1_2' title="bbox 100 1401 1113 1537">
    <p class='ocr_par' dir='ltr' id='par_1_2' title="bbox 100 1401 1113 1537">
     <span class='ocr_line' id='line_1_2' title="bbox 100 1401 1113 1537; baseline 0.004 -30"><span class='ocrx_word' id='word_1_4' title='bbox 100 1437 168 1507; x_wconf 83' lang='lat' dir='ltr'><strong>De</strong></span> <span class='ocrx_word' id='word_1_5' title='bbox 207 1430 416 1516; x_wconf 73' lang='lat' dir='ltr'><strong><em>Philoxeno</em></strong></span> <span class='ocrx_word' id='word_1_6' title='bbox 456 1401 712 1528; x_wconf 71' lang='lat' dir='ltr'><strong><em>Grammatico</em></strong></span> <span class='ocrx_word' id='word_1_7' title='bbox 760 1433 906 1537; x_wconf 79' lang='lat' dir='ltr'><strong>eiusque</strong></span> <span class='ocrx_word' id='word_1_8' title='bbox 951 1430 1113 1531; x_wconf 76' lang='lat' dir='ltr'><strong>scriptis.</strong></span> 
     </span>
    </p>
   </div>
   <div class='ocr_carea' id='block_1_3' title="bbox 510 1641 711 1668">
    <p class='ocr_par' dir='ltr' id='par_1_3' title="bbox 510 1641 711 1668">
     <span class='ocr_line' id='line_1_3' title="bbox 510 1641 711 1668; baseline -0.005 -1"><span class='ocrx_word' id='word_1_9' title='bbox 510 1641 711 1668; x_wconf 66' lang='lat' dir='ltr'><strong>—t-e—-e</strong></span> 
     </span>
    </p>
   </div>
   <div class='ocr_carea' id='block_1_4' title="bbox 16 1798 1168 4212">
    <p class='ocr_par' dir='ltr' id='par_1_4' title="bbox 16 1798 1168 4212">
     <span class='ocr_line' id='line_1_4' title="bbox 175 1798 1116 1921; baseline 0 -27"><span class='ocrx_word' id='word_1_10' title='bbox 175 1847 252 1897; x_wconf 87' lang='lat' dir='ltr'><strong>nae</strong></span> <span class='ocrx_word' id='word_1_11' title='bbox 287 1822 385 1921; x_wconf 81' lang='lat' dir='ltr'><strong>apud</strong></span> <span class='ocrx_word' id='word_1_12' title='bbox 410 1798 601 1899; x_wconf 80' lang='lat' dir='ltr'><strong>Nostrum</strong></span> <span class='ocrx_word' id='word_1_13' title='bbox 626 1819 739 1902; x_wconf 71' lang='lat' dir='ltr'><strong>altena</strong></span> <span class='ocrx_word' id='word_1_14' title='bbox 769 1825 810 1896; x_wconf 89' lang='lat' dir='ltr'><strong>in</strong></span> <span class='ocrx_word' id='word_1_15' title='bbox 835 1821 971 1896; x_wconf 87' lang='lat' dir='ltr'><strong>Lexici</strong></span> <span class='ocrx_word' id='word_1_16' title='bbox 998 1839 1116 1919; x_wconf 82' lang='lat' dir='ltr'><strong>parte,</strong></span> 
     </span>
     <span class='ocr_line' id='line_1_5' title="bbox 100 1955 1113 2056; baseline 0.003 -27"><span class='ocrx_word' id='word_1_17' title='bbox 100 1957 202 2055; x_wconf 84' lang='lat' dir='ltr'><strong>quae</strong></span> <span class='ocrx_word' id='word_1_18' title='bbox 240 1959 352 2037; x_wconf 82' lang='lat' dir='ltr'><strong>verba</strong></span> <span class='ocrx_word' id='word_1_19' title='bbox 384 1957 682 2056; x_wconf 83' lang='lat' dir='ltr'><strong>comprehendit,</strong></span> <span class='ocrx_word' id='word_1_20' title='bbox 724 1956 756 2054; x_wconf 85' lang='lat'><strong>§.</strong></span> <span class='ocrx_word' id='word_1_21' title='bbox 784 1978 840 2032; x_wconf 83' lang='lat'><strong>21.</strong></span> <span class='ocrx_word' id='word_1_22' title='bbox 865 1969 911 2055; x_wconf 73' lang='lat' dir='ltr'><strong>‘p.</strong></span> <span class='ocrx_word' id='word_1_23' title='bbox 939 1963 1022 2052; x_wconf 71' lang='lat'><strong>254.</strong></span> <span class='ocrx_word' id='word_1_24' title='bbox 1054 1955 1113 2032; x_wconf 82' lang='lat' dir='ltr'><strong>ed.</strong></span> 
     </span>
     <span class='ocr_line' id='line_1_6' title="bbox 99 2081 1116 2190; baseline -0.003 -25"><span class='ocrx_word' id='word_1_25' title='bbox 99 2095 220 2166; x_wconf 90' lang='lat' dir='ltr'><strong>huius</strong></span> <span class='ocrx_word' id='word_1_26' title='bbox 248 2093 496 2188; x_wconf 83' lang='lat' dir='ltr'><strong>reperiuntur,</strong></span> <span class='ocrx_word' id='word_1_27' title='bbox 521 2088 565 2174; x_wconf 75' lang='lat' dir='ltr'><strong>tic</strong></span> <span class='ocrx_word' id='word_1_28' title='bbox 590 2085 700 2175; x_wconf 63' lang='lat' dir='ltr'><strong>taitok</strong></span> <span class='ocrx_word' id='word_1_29' title='bbox 725 2086 871 2190; x_wconf 72' lang='grc' dir='ltr'><strong>[λέξεις]</strong></span> <span class='ocrx_word' id='word_1_30' title='bbox 901 2097 947 2162; x_wconf 70' lang='grc' dir='ltr'><strong>ἐν·</strong></span> <span class='ocrx_word' id='word_1_31' title='bbox 961 2085 1011 2179; x_wconf 67' lang='grc' dir='ltr'><strong>τῷ</strong></span> <span class='ocrx_word' id='word_1_32' title='bbox 1035 2081 1116 2189; x_wconf 67' lang='grc' dir='ltr'><strong>περὶ</strong></span> 
     </span>
     <span class='ocr_line' id='line_1_7' title="bbox 103 2215 1116 2328; baseline 0.001 -29"><span class='ocrx_word' id='word_1_33' title='bbox 103 2215 307 2299; x_wconf 70' lang='grc' dir='ltr'><strong>διαλέκτων,</strong></span> <span class='ocrx_word' id='word_1_34' title='bbox 325 2221 489 2328; x_wconf 65' lang='grc' dir='ltr'><strong><em>εὑρήσεις,</em></strong></span> <span class='ocrx_word' id='word_1_35' title='bbox 515 2254 632 2328; x_wconf 89' lang='lat' dir='ltr'><strong>quum</strong></span> <span class='ocrx_word' id='word_1_36' title='bbox 657 2230 821 2327; x_wconf 84' lang='lat' dir='ltr'><strong>primum</strong></span> <span class='ocrx_word' id='word_1_37' title='bbox 844 2227 1022 2310; x_wconf 79' lang='lat' dir='ltr'><strong>advertis,</strong></span> <span class='ocrx_word' id='word_1_38' title='bbox 1047 2225 1116 2300; x_wconf 80' lang='lat' dir='ltr'><strong>vix</strong></span> 
     </span>
     <span class='ocr_line' id='line_1_8' title="bbox 102 2362 1115 2464; baseline -0.006 -28"><span class='ocrx_word' id='word_1_39' title='bbox 102 2365 216 2436; x_wconf 83' lang='lat' dir='ltr'><strong>aliter</strong></span> <span class='ocrx_word' id='word_1_40' title='bbox 241 2362 482 2459; x_wconf 85' lang='lat' dir='ltr'><strong>intelligenda</strong></span> <span class='ocrx_word' id='word_1_41' title='bbox 508 2364 670 2450; x_wconf 82' lang='lat' dir='ltr'><strong>duxeris,</strong></span> <span class='ocrx_word' id='word_1_42' title='bbox 696 2388 808 2464; x_wconf 87' lang='lat' dir='ltr'><strong>quam</strong></span> <span class='ocrx_word' id='word_1_43' title='bbox 832 2382 876 2438; x_wconf 91' lang='lat' dir='ltr'><strong>ut</strong></span> <span class='ocrx_word' id='word_1_44' title='bbox 893 2363 1115 2434; x_wconf 77' lang='lat' dir='ltr'><strong>Philemone</strong></span> 
     </span>
     <span class='ocr_line' id='line_1_9' title="bbox 103 2496 1168 2594; baseline -0.006 -22"><span class='ocrx_word' id='word_1_45' title='bbox 103 2517 261 2572; x_wconf 86' lang='lat' dir='ltr'><strong>auctore</strong></span> <span class='ocrx_word' id='word_1_46' title='bbox 301 2497 477 2571; x_wconf 89' lang='lat' dir='ltr'><strong>libellum</strong></span> <span class='ocrx_word' id='word_1_47' title='bbox 519 2496 567 2571; x_wconf 80' lang='lat' dir='ltr'><strong>tie</strong></span> <span class='ocrx_word' id='word_1_48' title='bbox 608 2498 774 2572; x_wconf 80' lang='lat' dir='ltr'><strong>dialectis</strong></span> <span class='ocrx_word' id='word_1_49' title='bbox 815 2502 856 2573; x_wconf 87' lang='lat' dir='ltr'><strong>in</strong></span> <span class='ocrx_word' id='word_1_50' title='bbox 894 2497 1116 2594; x_wconf 78' lang='lat' dir='ltr'><strong>antiquitate</strong></span> <span class='ocrx_word' id='word_1_51' title='bbox 1165 2526 1168 2533; x_wconf 61' lang='lat'>¹</span> 
     </span>
     <span class='ocr_line' id='line_1_10' title="bbox 102 2631 1116 2732; baseline -0.004 -26"><span class='ocrx_word' id='word_1_52' title='bbox 102 2637 302 2732; x_wconf 85' lang='lat' dir='ltr'><strong>vulgatum</strong></span> <span class='ocrx_word' id='word_1_53' title='bbox 344 2632 457 2704; x_wconf 82' lang='lat' dir='ltr'><strong>fuisse</strong></span> <span class='ocrx_word' id='word_1_54' title='bbox 490 2634 691 2730; x_wconf 81' lang='lat' dir='ltr'><strong>suspicere.</strong></span> <span class='ocrx_word' id='word_1_55' title='bbox 733 2657 808 2731; x_wconf 90' lang='lat' dir='ltr'><strong>quo</strong></span> <span class='ocrx_word' id='word_1_56' title='bbox 848 2634 1005 2706; x_wconf 86' lang='lat' dir='ltr'><strong>lectores</strong></span> <span class='ocrx_word' id='word_1_57' title='bbox 1036 2631 1116 2726; x_wconf 88' lang='lat' dir='ltr'><strong>ipse</strong></span> 
     </span>
     <span class='ocr_line' id='line_1_11' title="bbox 104 2735 1116 2862; baseline -0.005 -22"><span class='ocrx_word' id='word_1_58' title='bbox 104 2777 239 2840; x_wconf 81' lang='lat' dir='ltr'><strong>auctor</strong></span> <span class='ocrx_word' id='word_1_59' title='bbox 264 2766 418 2862; x_wconf 70' lang='lat' dir='ltr'><strong>ableget.</strong></span> <span class='ocrx_word' id='word_1_60' title='bbox 468 2771 592 2862; x_wconf 88' lang='lat' dir='ltr'><strong>Atque</strong></span> <span class='ocrx_word' id='word_1_61' title='bbox 618 2769 729 2839; x_wconf 86' lang='lat' dir='ltr'><strong>etiam</strong></span> <span class='ocrx_word' id='word_1_62' title='bbox 753 2769 935 2860; x_wconf 85' lang='lat' dir='ltr'><strong>imprimis</strong></span> <span class='ocrx_word' id='word_1_63' title='bbox 959 2735 1116 2856; x_wconf 58' lang='lat' dir='ltr'><strong>Etym&#39;oss</strong></span> 
     </span>
     <span class='ocr_line' id='line_1_12' title="bbox 94 2899 1114 3006; baseline -0.002 -32"><span class='ocrx_word' id='word_1_64' title='bbox 94 2905 196 3000; x_wconf 75' lang='lat' dir='ltr'><strong>¹logo</strong></span> <span class='ocrx_word' id='word_1_65' title='bbox 229 2905 287 2974; x_wconf 90' lang='grc' dir='ltr'><strong>Μ.</strong></span> <span class='ocrx_word' id='word_1_66' title='bbox 318 2901 519 3006; x_wconf 82' lang='lat' dir='ltr'><strong>diligenter·</strong></span> <span class='ocrx_word' id='word_1_67' title='bbox 552 2901 688 2974; x_wconf 85' lang='lat' dir='ltr'><strong>collato</strong></span> <span class='ocrx_word' id='word_1_68' title='bbox 720 2899 1035 2998; x_wconf 83' lang='lat' dir='ltr'><strong>progrediendum</strong></span> <span class='ocrx_word' id='word_1_69' title='bbox 1069 2923 1114 2972; x_wconf 90' lang='lat' dir='ltr'><strong>eo</strong></span> 
     </span>
     <span class='ocr_line' id='line_1_13' title="bbox 16 3013 1115 3124; baseline -0.005 -16"><span class='ocrx_word' id='word_1_70' title='bbox 16 3013 18 3020; x_wconf 28' lang='grc' dir='ltr'>Ι</span> <span class='ocrx_word' id='word_1_71' title='bbox 103 3039 250 3110; x_wconf 89' lang='lat' dir='ltr'><strong>nemini</strong></span> <span class='ocrx_word' id='word_1_72' title='bbox 291 3060 368 3106; x_wconf 86' lang='lat' dir='ltr'><strong>non</strong></span> <span class='ocrx_word' id='word_1_73' title='bbox 411 3035 617 3124; x_wconf 83' lang='lat' dir='ltr'><strong>videbitur,</strong></span> <span class='ocrx_word' id='word_1_74' title='bbox 659 3053 704 3106; x_wconf 85' lang='lat' dir='ltr'><strong>ut</strong></span> <span class='ocrx_word' id='word_1_75' title='bbox 740 3059 826 3107; x_wconf 92' lang='lat' dir='ltr'><strong>eum</strong></span> <span class='ocrx_word' id='word_1_76' title='bbox 863 3032 912 3106; x_wconf 79' lang='lat' dir='ltr'><strong>tle</strong></span> <span class='ocrx_word' id='word_1_77' title='bbox 949 3031 1115 3104; x_wconf 82' lang='lat' dir='ltr'><strong>dialectis</strong></span> 
     </span>
     <span class='ocr_line' id='line_1_14' title="bbox 103 3165 1145 3265; baseline -0.007 -23"><span class='ocrx_word' id='word_1_78' title='bbox 103 3170 269 3254; x_wconf 84' lang='lat' dir='ltr'><strong>librum.</strong></span> <span class='ocrx_word' id='word_1_79' title='bbox 311 3169 409 3265; x_wconf 79' lang='lat' dir='ltr'><strong>apud</strong></span> <span class='ocrx_word' id='word_1_80' title='bbox 448 3171 712 3243; x_wconf 81' lang='lat' dir='ltr'><strong>Grammaticos</strong></span> <span class='ocrx_word' id='word_1_81' title='bbox 756 3168 892 3265; x_wconf 87' lang='lat' dir='ltr'><strong>passim</strong></span> <span class='ocrx_word' id='word_1_82' title='bbox 927 3165 1113 3253; x_wconf 81' lang='lat' dir='ltr'><strong>Philonis,</strong></span> <span class='ocrx_word' id='word_1_83' title='bbox 1143 3173 1145 3176; x_wconf 82' lang='grc'><strong>’</strong></span> 
     </span>
     <span class='ocr_line' id='line_1_15' title="bbox 104 3303 1115 3401; baseline -0.003 -25"><span class='ocrx_word' id='word_1_84' title='bbox 104 3305 243 3401; x_wconf 86' lang='lat' dir='ltr'><strong>passim</strong></span> <span class='ocrx_word' id='word_1_85' title='bbox 292 3304 494 3377; x_wconf 77' lang='lat' dir='ltr'><strong>Philoxeni</strong></span> <span class='ocrx_word' id='word_1_86' title='bbox 543 3307 695 3377; x_wconf 88' lang='lat' dir='ltr'><strong>nomine</strong></span> <span class='ocrx_word' id='word_1_87' title='bbox 744 3305 953 3393; x_wconf 81' lang='lat' dir='ltr'><strong>laudatum,</strong></span> <span class='ocrx_word' id='word_1_88' title='bbox 1002 3303 1115 3374; x_wconf 78' lang='lat' dir='ltr'><strong>hunc</strong></span> 
     </span>
     <span class='ocr_line' id='line_1_16' title="bbox 105 3438 1114 3536; baseline -0.002 -27"><span class='ocrx_word' id='word_1_89' title='bbox 105 3440 233 3534; x_wconf 88' lang='lat' dir='ltr'><strong>ipsum</strong></span> <span class='ocrx_word' id='word_1_90' title='bbox 279 3438 508 3510; x_wconf 84' lang='lat' dir='ltr'><strong>Philemonis</strong></span> <span class='ocrx_word' id='word_1_91' title='bbox 553 3462 632 3513; x_wconf 86' lang='lat' dir='ltr'><strong>esse</strong></span> <span class='ocrx_word' id='word_1_92' title='bbox 676 3439 835 3526; x_wconf 84' lang='lat' dir='ltr'><strong>iudicat,</strong></span> <span class='ocrx_word' id='word_1_93' title='bbox 886 3463 1002 3536; x_wconf 86' lang='lat' dir='ltr'><strong>eaque</strong></span> <span class='ocrx_word' id='word_1_94' title='bbox 1042 3439 1114 3510; x_wconf 82' lang='lat' dir='ltr'><strong>tn&#39;a</strong></span> 
     </span>
     <span class='ocr_line' id='line_1_17' title="bbox 100 3551 1135 3675; baseline -0.003 -32"><span class='ocrx_word' id='word_1_95' title='bbox 100 3551 443 3660; x_wconf 78' lang='lat' dir='ltr'><strong>¹Grammaticorum</strong></span> <span class='ocrx_word' id='word_1_96' title='bbox 475 3577 626 3646; x_wconf 85' lang='lat' dir='ltr'><strong>nomina</strong></span> <span class='ocrx_word' id='word_1_97' title='bbox 660 3573 770 3668; x_wconf 86' lang='lat' dir='ltr'><strong>solito</strong></span> <span class='ocrx_word' id='word_1_98' title='bbox 795 3598 907 3660; x_wconf 51' lang='lat' dir='ltr'><strong>¹more</strong></span> <span class='ocrx_word' id='word_1_99' title='bbox 943 3573 1042 3644; x_wconf 87' lang='lat' dir='ltr'><strong>inter</strong></span> <span class='ocrx_word' id='word_1_100' title='bbox 1072 3593 1135 3675; x_wconf 17' lang='lat' dir='ltr'><strong>sem</strong></span> 
     </span>
     <span class='ocr_line' id='line_1_18' title="bbox 108 3685 1115 3792; baseline -0.005 -11"><span class='ocrx_word' id='word_1_101' title='bbox 108 3724 332 3781; x_wconf 86' lang='lat' dir='ltr'><strong>commutata</strong></span> <span class='ocrx_word' id='word_1_102' title='bbox 350 3732 441 3780; x_wconf 85' lang='lat' dir='ltr'><strong>esse.</strong></span> <span class='ocrx_word' id='word_1_103' title='bbox 492 3713 541 3778; x_wconf 85' lang='lat' dir='ltr'><strong>Et</strong></span> <span class='ocrx_word' id='word_1_104' title='bbox 566 3685 789 3781; x_wconf 83' lang='lat' dir='ltr'><strong>commutata</strong></span> <span class='ocrx_word' id='word_1_105' title='bbox 814 3733 898 3781; x_wconf 86' lang='lat' dir='ltr'><strong>sane</strong></span> <span class='ocrx_word' id='word_1_106' title='bbox 924 3723 1021 3792; x_wconf 82' lang='lat' dir='ltr'><strong>sunt,</strong></span> <span class='ocrx_word' id='word_1_107' title='bbox 1046 3702 1115 3776; x_wconf 85' lang='lat' dir='ltr'><strong>sctl</strong></span> 
     </span>
     <span class='ocr_line' id='line_1_19' title="bbox 109 3823 1131 3943; baseline -0.006 -29"><span class='ocrx_word' id='word_1_108' title='bbox 109 3843 202 3931; x_wconf 87' lang='lat' dir='ltr'><strong>alio,</strong></span> <span class='ocrx_word' id='word_1_109' title='bbox 234 3833 355 3943; x_wconf 83' lang='lat' dir='ltr'><strong>quam¹</strong></span> <span class='ocrx_word' id='word_1_110' title='bbox 371 3842 577 3937; x_wconf 71' lang='lat' dir='ltr'><strong>putaveris,</strong></span> <span class='ocrx_word' id='word_1_111' title='bbox 607 3841 732 3918; x_wconf 84' lang='lat' dir='ltr'><strong><em>modo.</em></strong></span> <span class='ocrx_word' id='word_1_112' title='bbox 781 3843 896 3918; x_wconf 88' lang='lat' dir='ltr'><strong>Liber</strong></span> <span class='ocrx_word' id='word_1_113' title='bbox 920 3841 1021 3913; x_wconf 87' lang='lat' dir='ltr'><strong>enim</strong></span> <span class='ocrx_word' id='word_1_114' title='bbox 1045 3823 1131 3909; x_wconf 85' lang='lat' dir='ltr'><strong>ille¹</strong></span> 
     </span>
     <span class='ocr_line' id='line_1_20' title="bbox 109 3975 1112 4073; baseline -0.002 -25"><span class='ocrx_word' id='word_1_115' title='bbox 109 3975 324 4073; x_wconf 83' lang='lat' dir='ltr'><strong>deperditus</strong></span> <span class='ocrx_word' id='word_1_116' title='bbox 356 3975 403 4046; x_wconf 85' lang='lat' dir='ltr'><strong>de</strong></span> <span class='ocrx_word' id='word_1_117' title='bbox 441 3976 607 4049; x_wconf 84' lang='lat' dir='ltr'><strong>dialectis</strong></span> <span class='ocrx_word' id='word_1_118' title='bbox 646 4004 667 4050; x_wconf 88' lang='lat' dir='ltr'><strong>a</strong></span> <span class='ocrx_word' id='word_1_119' title='bbox 705 3977 905 4050; x_wconf 82' lang='lat' dir='ltr'><strong>veteribus</strong></span> <span class='ocrx_word' id='word_1_120' title='bbox 931 3975 1112 4051; x_wconf 79' lang='lat' dir='ltr'><strong>maximo·</strong></span> 
     </span>
     <span class='ocr_line' id='line_1_21' title="bbox 110 4110 1114 4212; baseline 0.004 -30"><span class='ocrx_word' id='word_1_121' title='bbox 110 4136 202 4207; x_wconf 85' lang='lat' dir='ltr'><strong>pere</strong></span> <span class='ocrx_word' id='word_1_122' title='bbox 226 4110 442 4199; x_wconf 86' lang='lat' dir='ltr'><strong>celebratus,</strong></span> <span class='ocrx_word' id='word_1_123' title='bbox 467 4136 489 4184; x_wconf 85' lang='lat' dir='ltr'><strong>e</strong></span> <span class='ocrx_word' id='word_1_124' title='bbox 515 4135 590 4211; x_wconf 90' lang='lat' dir='ltr'><strong>quo</strong></span> <span class='ocrx_word' id='word_1_125' title='bbox 615 4129 794 4212; x_wconf 82' lang='lat' dir='ltr'><strong>tanquam</strong></span> <span class='ocrx_word' id='word_1_126' title='bbox 815 4137 836 4186; x_wconf 88' lang='lat' dir='ltr'><strong>e</strong></span> <span class='ocrx_word' id='word_1_127' title='bbox 860 4111 964 4186; x_wconf 83' lang='lat' dir='ltr'><strong>lonte</strong></span> <span class='ocrx_word' id='word_1_128' title='bbox 985 4115 1114 4186; x_wconf 84' lang='lat' dir='ltr'><strong>Gram-</strong></span> 
     </span>
    </p>
   </div>
   <div class='ocr_carea' id='block_1_5' title="bbox 0 0 1460 5136">
    <p class='ocr_par' dir='ltr' id='par_1_5' title="bbox 0 0 1460 5136">
     <span class='ocr_line' id='line_1_22' title="bbox 0 0 1460 5136; baseline 0 0"><span class='ocrx_word' id='word_1_129' title='bbox 0 0 1460 5136; x_wconf 95' lang='lat' dir='ltr'><strong> </strong></span> 
     </span>
    </p>
   </div>
  </div>
 </body>
</html>
