2904 5150
777 337 844 382 xvt

303 463 415 617 Mus(
434 519 523 593 orit.
551 508 720 612 Cantabr.
746 516 825 593 vol.
855 539 947 622 131).
974 521 1057 612 124.
1082 541 1168 613 seq,
1193 518 1311 614 ipsius

302 655 504 730 sententiae
525 650 577 750 ,de
603 668 721 724 aetate
746 651 974 726 Philemonis
989 653 1042 723 'in
1067 653 1254 728 saeculum
1272 659 1311 728 X

301 786 520 889 depellenda
552 788 641 859 scita
673 786 810 860 addens
844 789 939 862 hanc
969 789 1018 860 ob
1044 813 1207 862 caussam
1231 813 1333 870 non,

300 901 464 1036 multum
495 922 738 996 tribuendum
764 948 853 1001 esse.
904 930 962 996 Eo
987 927 1103 1022 igitur
1128 907 1309 1000 redeunte

299 1090 353 1150 re,
377 1080 421 1133 ut
440 1029 670 1156 Etymologo
695 1061 942 1133 recentiorem
966 1060 1226 1134 Philemonem
1251 1085 1322 1144 ars

300 1169 431 1275 bitrari
454 1195 562 1267 nullo
588 1194 702 1267 modo
729 1219 925 1294 cogamur,
950 1195 1156 1269 videndum
1181 1220 1308 1280 annon

284 1333 450 1410 aliunde
475 1351 690 1428 arguments
714 1331 843 1429 colligi
868 1350 1021 1427 queant,
1060 1330 1193 1429 quibus
1219 1356 1307 1404 con·

297 1473 455 1545 trariurn
481 1466 772 1539 demonstretur:
807 1491 932 1564 neque
957 1467 1109 1556 desunt,
1136 1467 1305 1564 quamvis

297 1612 356 1683 uti
397 1607 437 1676 in
463 1627 521 1712 *re
564 1600 676 1674 dubia
717 1600 763 1675 ab
806 1603 910 1674 omni
946 1621 1050 1699 parte
1087 1601 1190 1676 haud
1227 1604 1304 1696 eri·v

297 1742 434 1818 dentis.

396 1885 457 1951 Ex
481 1877 597 1953 modo
624 1877 734 1969 enim,
759 1904 835 1976 quo
852 1879 1025 1954 Philemo
1046 1879 1084 1950 in
1106 1875 1303 1974 prooemio

293 2015 545 2111 Hypereschii
562 2013 838 2112 grammaticam
861 2030 1056 2102 memorat,
1083 2031 1215 2111 sponte
1241 2037 1304 2108 ap·

293 2170 414 2254 paret,
456 2149 504 2222 de
533 2147 633 2220 libro
665 2174 753 2223 eum
785 2151 911 2246 loqui,
950 2152 1016 2248 qui
1049 2149 1303 2222 celebritatem
1342 2235 1345 2238 .
1427 2241 1428 2248 ἵ

295 2285 480 2385 quandam
517 2304 662 2370 nactus,
714 2284 971 2360 studiosorum
1002 2285 1203 2358 cuiuslibet
1243 2307 1303 2356 or·

294 2422 391 2494 dinis
417 2419 588 2494 manibus
613 2444 840 2517 magnopere
862 2422 1054 2493 etiamtum
1070 2417 1301 2493 Philemonis
1342 2499 1343 2506 ἵ
1427 2435 1428 2510 ᾗ

295 2533 413 2631 aetate
437 2571 633 2650 usurpatus
660 2554 719 2624 sit.
769 2557 1048 2629 Institutionem
1067 2573 1191 2629 antem
1205 2553 1303 2624 hano

293 2690 545 2790 Hypereschii
569 2689 846 2789 grammaticam
877 2715 970 2763 num
995 2691 1174 2763 credibile
1199 2687 1302 2761 vide·

292 2846 356 2900 tur
388 2852 410 2901 a
442 2842 549 2899 sexto
579 2849 698 2921 usque
729 2825 775 2898 ad
808 2824 1049 2900 undecimum
1082 2826 1199 2897 ferme
1225 2847 1302 2894 sae·

287 2964 430 3050 colom,
456 2987 532 3058 quo
558 2959 712 3035 demum
728 2960 1037 3056 Etymologicum
1062 2962 1120 3031 Μ.
1147 2981 1196 3026 ex
1217 2954 1300 3025 vul-

291 3098 372 3200 gari
396 3097 574 3191 opinions
600 3120 621 3168 a
644 3094 868 3167 Philemone
893 3093 1115 3188 expilatum,
1150 3109 1300 3185 compo·

292 3235 407 3306 situm
424 3254 502 3302 esse
519 3253 628 3325 supra
646 3228 990 3312 demonstravimus,
1015 3245 1091 3299 tam
1113 3225 1299 3323 frequenti

292 3372 515 3464 scriptorum
545 3363 593 3436 (le
626 3362 736 3436 rebus
769 3363 1016 3461 grammaticis
1047 3386 1229 3434 concursu
1259 3379 1298 3433 et

292 3502 493 3577 certamine
517 3499 752 3596 perdurasse,
777 3517 878 3572 tanta
902 3498 1001 3594 apud
1024 3514 1192 3594 posteros
1219 3499 1297 3568 exi·

291 3636 505 3714 etimatione
536 3652 792 3735 propagatam,
834 3653 879 3706 ut
909 3637 1027 3732 spatio
1054 3635 1220 3732 quinque
1250 3629 1297 3704 ati

291 3775 493 3853 minimum
540 3741 772 3846 saeculorum
815 3770 991 3843 demenso
1031 3796 1112 3843 eam
1146 3767 1297 3841 tandem

292 3891 426 4006 aliquis
474 3909 620 4007 vulgari
671 3908 759 3978 usui
810 3908 935 3980 minus
989 3905 1188 3977 convenire
1240 3906 1295 3977 vi·

289 4027 374 4121 deri
402 4044 628 4144 intelligeret
658 4039 1016 4153 pronuntiaretque?
1066 4045 1170 4120 Haec
1185 4039 1297 4120 mihi
1345 4131 1347 4135 ι

1213 4201 1297 4276 qm·
